2003 2748
301 126 487 171 SECT.
525 125 614 165 JV.
651 111 921 164 CAUSSAE
954 123 1197 164 morus
1239 124 1513 165 CORDIS.
1641 134 1723 173 439

120 231 245 269 culiari
270 227 386 277 aliqua
411 224 648 275 praerogativa
676 223 790 270 magis
820 220 958 258 sensiles
986 219 1160 257 Rohertus
1176 220 1270 257 WH
1286 233 1380 258 vTT
1404 217 1488 271 (p)
1515 227 1576 258 aut
1592 221 1638 258 ita
1658 221 1730 259 fac-

121 300 178 328 tos
193 319 201 332 ,
238 289 331 327 utin
346 298 408 324 eos
428 285 550 334 liquor
569 281 741 320 nervosus
762 280 899 318 facilius
933 279 1058 317 influat
1071 309 1079 322 ,
1115 279 1303 326 johannes
1333 280 1391 318 ΡΑ
1406 292 1430 317 N
1444 293 1467 317 T
1481 293 1504 318 ο
1518 292 1569 317 Nu
1583 293 1598 318 s
1627 282 1644 327 <
1658 293 1679 327 q
1696 279 1723 330 )

182 349 262 398 Ego
287 347 438 397 quidem
460 355 579 393 neque
603 343 642 379 in
657 341 789 383 corde,
824 352 943 389 neque
973 351 1037 388 per
1065 340 1321 377 intestinorum
1343 341 1589 378 membranam
1605 369 1614 383 ,
1649 352 1730 377 ner-

120 420 187 446 vos
218 404 487 445 numerosiores
508 402 677 452 reperio,
714 412 823 450 quam
850 399 1000 449 quidem
1030 398 1075 436 ad
1106 398 1289 436 musculos
1311 401 1362 436 ire
1391 399 1528 442 solent,
1563 401 1599 436 &
1628 399 1730 449 supe-

123 475 177 505 rat
213 474 309 505 certe
359 475 558 502 nervorum
599 462 703 509 copia
735 460 881 508 lingua,
917 458 1065 501 oculu-s,
1100 458 1247 508 aliaeque
1278 470 1400 496 carnes
1431 471 1497 508 pro
1528 459 1595 496 suae
1622 459 1730 497 molis

119 529 302 577 portione.
338 523 474 562 Molles
499 521 580 559 funt
605 519 693 566 (r)
719 518 891 568 equidem
921 518 1042 556 cordis
1059 520 1186 561 nervi,
1216 524 1258 556 ut
1285 517 1392 567 poffis
1417 530 1485 568 pro
1512 520 1626 567 magis
1654 531 1731 556 me-

121 585 268 624 dullosis
295 585 449 624 habere,
484 579 586 630 quod
610 580 708 616 eni-m
745 578 856 616 duros
873 577 1016 636 {eddim
1053 577 1221 615 cellulosa
1254 578 1324 615 tela
1349 577 1418 620 est,
1453 577 1641 616 accessoria
1668 590 1728 621 ea,

119 644 323 694 nulliusque
340 641 467 680 sensus.
502 639 645 677 Verum
665 637 794 676 molles
814 639 922 677 etiam
952 638 1055 675 nervi
1088 636 1193 680 sunt,
1229 639 1292 687 qui
1319 649 1383 686 per
1412 644 1658 688 metacarpum
1686 637 1732 675 ad.

120 704 302 743 musculos
329 698 541 740 interosseos
571 704 729 747 repunt3
763 697 913 741 molles,
948 699 1012 746 qui
1043 698 1187 734 arterias
1222 710 1242 734 a
1271 697 1433 735 carotide
1461 707 1559 735 natas
1585 710 1731 747 percur-

119 772 224 803 runt:
261 774 381 812 neque
411 759 497 797 inde
522 759 596 796 vim
613 756 775 795 senfflem
795 764 855 795 aut
871 756 1082 794 irritabilem
1100 758 1277 804 majorem
1295 768 1439 806 arguas,
1475 755 1606 795 molles
1632 759 1733 796 enim

119 826 227 862 unice
244 823 342 864 sunt,
378 821 461 870 quia
477 817 676 868 profundi,
711 816 899 866 multaque
919 816 1069 854 aliarum
1096 814 1281 854 nobilium
1310 818 1467 866 partium
1489 817 1651 855 animalis
1674 824 1733 856 tu-

119 883 188 921 tela
209 880 364 921 defenfi:
398 890 518 928 neque
539 878 697 927 denique
720 876 850 914 molles
868 875 969 918 sunt,
1008 877 1072 925 qui
1089 874 1229 913 summe
1246 876 1429 913 irritabilia
1457 877 1622 914 intestina
1649 877 1736 915 ade-'

120 950 197 981 unt.
235 941 306 979 Sed
335 940 490 978 omnino
523 950 587 988 per
618 937 866 986 experimenta
899 936 1085 979 innotuit,
1119 935 1240 973 cordis
1274 935 1357 973 tasti
1388 935 1528 974 sensum
1560 936 1734 975 obtusum

120 1001 188 1041 effe
209 1002 229 1050 (
247 1001 308 1049 s).
342 999 506 1037 Unicum
522 998 570 1035 est
588 1025 598 1040 ,
631 1004 672 1034 ut
689 995 776 1033 ideo
803 1007 868 1034 cor
899 997 1014 1044 magis
1050 995 1220 1032 irritabile
1253 994 1314 1037 fit,
1351 995 1453 1045 quod
1479 998 1582 1033 nervi
1610 996 1732 1034 cordis

119 1062 310 1099 sentientes
325 1089 335 1104 ,
372 1060 508 1096 intimae
532 1058 663 1095 tunicae
683 1055 804 1094 cordis
822 1056 955 1098 vicini,
983 1067 1002 1092 a
1026 1053 1200 1104 sanguine
1218 1056 1392 1104 proximo
1410 1057 1579 1094 cominus
1605 1057 1732 1095 stimu-

120 1121 241 1158 lentur
256 1149 266 1163 ‚
300 1126 407 1169 atque
430 1118 521 1155 adeo
550 1116 802 1154 vehementior
821 1115 908 1153 inde
925 1122 1048 1152 motus
1079 1114 1269 1164 sequatur,
1304 1126 1416 1164 quam
1442 1115 1591 1164 quidem
1616 1117 1660 1153 ab
1685 1118 1732 1154 ir-

120 1182 292 1218 ritatione
313 1178 500 1216 exterioris
527 1177 635 1226 partis
658 1175 800 1213 alterius
817 1174 978 1213 musculi.
1014 1172 1131 1212 Etiam
1159 1174 1414 1212 intestinorum
1441 1176 1599 1213 exterior
1624 1175 1731 1214 facies

120 1252 214 1290 pene
243 1237 414 1276 insenfilis
444 1237 516 1279 est,
549 1237 689 1275 interna
711 1233 947 1277 senfihffima,
982 1234 1159 1272 &motus
1173 1233 1324 1272 laceffita
1351 1236 1530 1272 continuo
1559 1235 1735 1284 producit

119 1301 301 1337 maximos
324 1297 423 1349 (t).
456 1296 514 1334 An
557 1296 643 1334 ideo
668 1294 765 1334 adeo
790 1294 947 1333 mobiles
980 1293 1167 1336 auriculae,
1206 1295 1241 1331 &
1276 1293 1351 1343 ipso
1378 1293 1489 1331 corde
1515 1295 1630 1343 magis
1654 1296 1734 1332 irri-

119 1359 267 1401 tabiles,
303 1357 407 1407 quod
434 1354 666 1398 tenuiffirnae,
700 1366 833 1393 nervos
865 1353 939 1391 fere
973 1354 1094 1391 nudos
1124 1353 1306 1402 sanguinis
1338 1353 1485 1392 stimulo
1516 1355 1737 1404 exponant?

120 1418 236 1457 Aliam
258 1417 398 1455 causam
429 1416 596 1463 majoris,
632 1427 706 1466 qua
732 1426 796 1453 cor
810 1413 966 1464 gaudet,
1000 1413 1047 1451 ad
1061 1414 1303 1451 irritationem
1329 1413 1541 1452 mobilitatis
1557 1443 1568 1457 ‚
1602 1413 1628 1451 fi
1649 1415 1731 1465 quis»

119 1478 301 1527 proferet,
333 1475 540 1515 auscultabo
569 1475 696 1514 facilia

606 1590 640 1633 §-
672 1584 748 1626 XI
764 1584 810 1624 V.
878 1585 925 1623 Et
941 1590 1112 1634 perpetua
1135 1585 1312 1622 irritatior.

175 1698 289 1738 Nunc
313 1697 502 1741 stimqus,
538 1708 616 1747 quo>
641 1709 706 1735 cor
720 1694 964 1746 potentiffime
995 1695 1038 1732 ad
1066 1702 1211 1732 motum
1240 1694 1430 1738 incitatur,
1465 1694 1620 1734 fluidum
1655 1696 1732 1740 esty'

118 1772 211 1809 pene
233 1758 506 1809 quodcunque,
543 1756 645 1806 quod
670 1768 734 1805 per
759 1767 864 1793 venas
887 1757 924 1791 in
951 1767 1052 1792 aures
1081 1755 1117 1791 δε
1147 1754 1369 1791 ventriculos
1394 1755 1514 1792 cordis
1531 1755 1734 1805 impellitur·

101 1818 141 1866 i(
158 1831 182 1855 u
199 1817 224 1868 ).
261 1817 359 1855 Inter
383 1829 425 1853 ea
447 1815 556 1854 fluida
584 1817 694 1852 etiam·
718 1815 861 1863 sanguis
890 1814 958 1851 est:
995 1826 1039 1850 eo
1077 1816 1174 1850 enim
1198 1815 1237 1849 in
1262 1813 1489 1852 moribundo
1516 1814 1668 1851 animale
1690 1816 1731 1853 in

118 1888 241 1916 aurem
263 1874 447 1925 expresso,
483 1887 548 1913 cor
562 1874 609 1912 ad
632 1882 779 1913 motum
798 1880 989 1912 revocatur
1010 1875 1026 1921 (
1043 1885 1069 1909 x
1088 1874 1115 1919 ).
1151 1872 1284 1920 Neque
1304 1870 1401 1910 solus
1420 1873 1529 1911 ruber
1552 1880 1614 1911 aut
1634 1885 1732 1923 pona

1621 1932 1730 1971 dero..

160 1991 388 2030 (p)};c.p.
423 1990 489 2028 316.
840 2029 845 2036 ⁸
974 1987 1295 2028 (q)l.c.p.13r.

159 2034 173 2069 (
192 2044 208 2062 r
228 2034 240 2070 )
264 2033 322 2063 Res
350 2041 414 2062 vera
441 2032 480 2061 est
494 2053 501 2065 ‚
524 2039 608 2069 quam
630 2030 680 2061 suo
708 2028 773 2060 loco
788 2026 895 2060 obhtus
918 2029 978 2060 f'um
1000 2039 1172 2069 proponere.
1190 2030 1297 2061 Molles
1310 2029 1373 2062 sunt
1392 2030 1412 2060 ii
1432 2031 1515 2062 nervi
1535 2040 1656 2064 omnes,
1680 2032 1734 2070 qui>

118 2084 169 2112 per
200 2084 316 2112 magnas
341 2073 455 2103 arterias
476 2072 642 2102 adveniunt.

160 2114 173 2151 (
195 2122 205 2141 s
228 2116 239 2151 )
265 2114 399 2146 Oc'lavius
426 2114 444 2143 S
459 2124 477 2142 A
491 2124 507 2143 v
525 2125 532 2141 1
552 2122 654 2142 OLUS
688 2113 829 2142 lucubrat.
855 2122 883 2150 p.
918 2115 963 2149 36.
1005 2120 1049 2150 27v
1078 2112 1210 2143 HARvn
1240 2114 1275 2142 de
1290 2118 1414 2152 generat.
1438 2114 1528 2144 anim.
1551 2124 1579 2152 p.
1604 2123 1669 2149 157.
1692 2113 1732 2144 ad.

120 2156 350 2194 experimentum
380 2155 407 2184 in
438 2155 504 2184 vivo
530 2153 648 2184 homine
667 2153 773 2182 factum
788 2175 796 2189 ‚
834 2160 895 2183 tum
922 2153 964 2183 Cl.
992 2152 1043 2183 Lo
1057 2162 1080 2182 υ
1096 2163 1104 2181 1
1120 2165 1141 2184 s.
1177 2154 1235 2191 Qui
1262 2164 1352 2192 nuper
1377 2155 1576 2184 Hnnvreru
1590 2166 1610 2184 M
1637 2156 1732 2193 impu2

119 2197 217 2234 gnavit
240 2199 379 2226 Rohertus
402 2195 479 2225 Wn
496 2206 515 2225 Y
531 2205 551 2224 T
570 2204 590 2223 τ
607 2217 615 2229 ,
652 2193 935 2224 &insensibilitatem
960 2201 1124 2231 perceptam
1153 2195 1189 2224 ad
1214 2205 1329 2225 carnem
1352 2195 1498 2232 fungosam
1518 2205 1567 2225 cor
1593 2196 1730 2227 ambeum

119 2244 177 2267 tem
198 2238 311 2274 retulit,
345 2247 404 2266 non
435 2236 489 2266 fuit
513 2246 643 2270 memor,
687 2244 771 2274 quam
795 2235 929 2265 sensibihs
957 2236 1031 2265 intra
1052 2235 1193 2273 ejusmodi
1206 2242 1331 2268 tumores
1357 2237 1433 2268 testis
1449 2236 1573 2275 superfit,

161 2278 211 2314 (t
232 2280 244 2315 )
267 2280 348 2309 Alex.
372 2279 549 2308 STUART
572 2287 599 2306 n.
626 2287 694 2313 4¹4·

158 2318 176 2354 (
192 2329 212 2347 u
228 2320 241 2356 )
261 2329 288 2356 p.
320 2319 390 2356 468.

159 2361 175 2393 ζ
194 2361 243 2396 x)
266 2360 304 2390 N.
337 2360 354 2390 S
371 2369 418 2389 TE
432 2369 517 2388 uos
535 2369 571 2389 ιε
600 2359 630 2389 F.
659 2358 729 2389 Αίῖ.
760 2357 904 2399 Hnj‘niem
931 2359 967 2393 T.
991 2358 1027 2393 11.
1053 2370 1084 2400 p-
1117 2363 1183 2399 146.
1216 2360 1260 2391 Cl.
1284 2361 1337 2398 J]
1352 2371 1372 2391 n
1387 2371 1438 2393 ΚΕ
1467 2360 1497 2392 in
1515 2360 1642 2393 verfione
1664 2371 1726 2402 gera

119 2400 231 2432 manica
244 2400 407 2430 Bnunnssn
426 2410 452 2438 p.
483 2404 551 2430 260.

209 2443 337 2483 Haller
368 2443 556 2494 Phyfiolog.
591 2444 700 2499 Tem,
736 2444 761 2483 Ι.
1212 2447 1295 2500 0,,(1
1313 2460 1338 2499 q
