2003 2748
439 127 632 170 SECT.
666 130 773 169 III.
839 129 1340 172 LYMPHATICA.
1601 138 1688 185 '167

92 228 294 266 flexionem
313 226 439 266 duetus
462 227 654 265 deferentis
677 226 788 276 usque
805 226 1037 270 adscendere,
1072 228 1248 270 omnino,
1279 234 1320 264 ut
1335 223 1497 268 videtur,
1529 225 1575 263 ad
1599 226 1689 264 duc-'

91 293 178 324 ‘tum
201 287 424 324 thoracicum
436 288 581 324 iturum.
618 286 724 324 Certa
737 286 829 323 adeo
849 287 1014 334 exempla
1035 286 1114 324 sunt
1129 315 1138 329 ‚
1175 285 1395 335 lymphatica
1410 284 1546 323 vascula
1568 286 1604 322 in
1625 298 1686 324 eX=

92 348 277 384 ,cretorms
294 346 419 384 ductus
441 344 516 383 suas
541 344 715 383 radiculas
741 344 945 393 depangere
961 372 972 386 ,
1011 346 1047 382 ὃς
1072 353 1212 395 partem
1236 346 1312 393 ejus
1329 343 1494 383 humoris
1511 346 1680 396 recipere.

640 454 673 496 §-
710 450 756 488 V.
827 449 991 500 Cellulosa
1026 450 1120 490 Tela.

154 562 187 600 Ἀ
210 560 385 600 cellulosae
413 559 491 598 telae
513 558 711 598 cavernulis
739 560 849 602 oriri,
889 559 994 602 sunt,
1038 572 1118 609 quae
1146 559 1320 598 suadeant.
1361 560 1462 611 Saepe
1490 562 1580 600 mihi
1609 562 1686 602 suc-'

85 620 215 663 sceffit,
253 628 292 658 ut
323 631 367 656 ex
390 632 429 657 ea
457 619 525 657 tela
549 618 721 656 radleulas
749 618 912 656 vasorum
941 618 1180 656 laetiferorum
1210 632 1374 657 mammae
1396 621 1490 658 nasci
1518 623 1680 661 viderim,

94 679 186 717 Inde
209 679 262 717 Cl.
293 677 408 716 Mos
425 692 444 716 a
458 690 481 716 o
496 691 518 715 υ
533 691 547 715 s
563 706 572 721 ‚
611 689 720 727 quem
741 689 856 725 nuper
877 677 1037 720 laudavi,
1063 678 1200 716 vascula
1223 679 1440 728 lymphatica
1461 680 1614 719 fasciculi
1627 694 1684 719 va-

83 737 216 776 'sorum
239 737 533 787 spermaticorum
559 739 714 774 omnino
744 745 894 785 argento
917 737 1001 773 vivo
1028 737 1202 786 replevit,
1240 739 1341 787 quod
1363 740 1461 787 prius
1485 741 1522 776 in
1541 741 1683 778 cellulas

92 809 150 834 eas
187 796 336 834 effusum
364 795 479 833 fuiffet
506 798 566 843 (z
585 793 610 843 ).
656 794 830 832 Eamdem
864 795 1125 833 resorbtionem
1163 796 1285 834 suadet
1316 797 1453 834 summa
1487 797 1685 837 fimilitudo

93 855 250 905 lymphae
265 884 274 898 ‚
309 868 393 893 cum
411 868 450 892 ea
477 855 634 903 gelatina
650 882 660 897 ,
697 865 777 903 quae
798 854 834 890 ἃ
856 855 893 890 iu
918 853 1014 896 fetu,
1054 856 1089 891 &
1115 857 1151 891 iu
1177 854 1329 892 homine
1350 855 1555 904 hydropiCo
1575 858 1686 896 cellu-

88 913 144 951 las
167 914 326 963 adiposas
345 914 466 963 replet.
502 913 600 952 Hinc
617 912 672 949 illa
685 941 694 954 ‚
727 925 835 962 quam
851 911 883 950 se
899 911 1021 950 vidisse
1042 913 1211 951 credebat
1227 915 1399 951 Antonius
1419 914 1457 952 D
1470 926 1489 951 ε
1506 926 1556 954 11>
1574 928 1586 952 1
1600 928 1620 953 z
1636 929 1679 960 R,

82 972 269 1011 ,-cellulo{ae
287 973 367 1010 telae
385 975 422 1009 in
441 972 517 1009 vasa
542 972 758 1021 lymphatica
777 973 930 1009 mutatio
959 973 976 1019 (
991 984 1012 1008 a
1031 972 1060 1019 ).

152 1031 280 1069 Morbi
311 1033 417 1069 etiam
451 1031 496 1067 ad
527 1031 624 1067 idem
653 1030 839 1067 theorema
864 1031 994 1067 ducere
1024 1031 1201 1069 videntur.
1251 1031 1295 1069 In
1323 1032 1520 1071 cachefflca
1541 1035 1684 1082 virgine

82 1092 311 1140 pancratis,
350 1092 507 1131 omenti,
549 1090 585 1126 δε
612 1091 705 1126 uteri
732 1089 910 1137 glandulae
928 1089 1105 1127 scirrhosae
1127 1092 1143 1137 (
1159 1089 1179 1126 b
1196 1090 1222 1135 ).
1259 1090 1355 1128 Cum
1372 1091 1510 1129 scin-his
1533 1093 1687 1141 glandu-

82 1149 208 1187 <larum
234 1147 413 1197 saepiffime
439 1157 601 1185 tumores
625 1148 778 1196 aquosos
802 1148 939 1196 pedum
967 1151 1109 1196 reperi,
1143 1149 1332 1186 manifesto
1363 1151 1405 1187 ab
1432 1152 1604 1200 impedita
1630 1164 1685 1189 re-

85 1207 276 1244 :sorbtione
298 1207 460 1244 humoris
479 1209 517 1243 in
546 1206 751 1243 cellulosam
776 1206 882 1243 telam
903 1207 1052 1244 halantis
1069 1236 1079 1250 ,
1113 1219 1198 1244 cum
1220 1208 1355 1245 vascula
1382 1209 1598 1258 lymphati&
1619 1222 1683 1259 per

81 1279 148 1303 scas
176 1266 361 1314 glandulas
388 1265 484 1302 suam
515 1265 700 1314 lympham
726 1265 885 1307 ducant,
919 1265 1029 1314 iisque
1048 1266 1234 1303 obstruffis
1251 1295 1259 1308 ,
1293 1267 1380 1303 hinc
1400 1269 1440 1304 iis
1462 1268 1607 1305 vasculis
1630 1281 1683 1306 re-

88 1324 226 1363 -vehere
240 1325 460 1374 impodbus,
498 1324 660 1362 redituro
688 1326 812 1373 vapori
841 1326 896 1362 via
917 1324 1029 1362 clausa
1055 1323 1103 1362 fit.
1153 1324 1336 1374 Imprimis
1364 1327 1402 1362 in
1429 1339 1544 1375 puero
1572 1328 1683 1376 pedes

81 1383 250 1423 ,anasarca
278 1384 440 1422 tumidos
454 1383 548 1427 vidi,
573 1396 658 1422 cum
674 1383 855 1432 glandulae
881 1383 1083 1432 inguinales
1113 1386 1312 1423 enormiter
1331 1385 1588 1423 intumuissene

582 1494 624 1536 ὃ.
670 1490 752 1528 VI.
818 1491 851 1529 A
879 1493 1018 1539 magnis
1043 1491 1174 1529 Cavet'x„

138 1601 218 1640 'Sed
243 1601 350 1639 etiam
374 1612 394 1637 a
419 1600 561 1648 magnis
590 1600 706 1637 caveis
729 1596 947 1649 lymphatica
975 1599 1052 1637 vasa
1083 1599 1199 1638 redire
1228 1601 1411 1640 manifesta
1437 1604 1683 1652 experimenta

81 1661 243 1699 suadent.
280 1659 334 1697 Ex
362 1659 616 1696 intestinorum
644 1659 738 1695 tubo
768 1658 874 1695 laitea
895 1658 972 1696 vasa
999 1658 1196 1697 humorem
1221 1660 1431 1703 resorbent,
1478 1674 1558 1711 quae
1599 1674 1684 1701 vere

82 1720 306 1769 ¹lymphatica
323 1718 411 1756 sunt.
449 1717 491 1755 In
515 1717 718 1755 ventriculo
745 1715 867 1754 fimilis
889 1717 1066 1755 resorbtio
1089 1718 1213 1756 locum
1238 1719 1345 1757 habet
1361 1748 1370 1762 ,
1410 1721 1446 1757 &
1472 1720 1557 1758 huic
1573 1722 1683 1770 pluri-

88 1791 147 1816 ma
172 1778 390 1828 lymphatica
416 1777 655 1818 incumbunt.
696 1775 864 1814 nondum
882 1778 981 1814 enim
1006 1776 1089 1815 albo
1116 1777 1243 1815 colore
1262 1777 1386 1816 succus
1402 1780 1594 1817 ventr1culi
1615 1783 1682 1818 tin-

86 1839 193 1887 gitur.
229 1836 529 1886 Experimentum
545 1847 624 1873 non
651 1836 796 1884 penitus
821 1843 960 1873 enarrat
981 1835 1031 1873 lll.
1061 1835 1095 1875 K
1110 1849 1131 1873 Δ
1144 1849 1166 1874 Α
1180 1849 1203 1874 υ
1218 1849 1278 1874 W1
1296 1847 1317 1875 υ
1332 1851 1348 1875 s
1378 1838 1429 1886 (c
1445 1838 1465 1886 )
1480 1867 1489 1880 ,
1526 1851 1601 1888 quo
1618 1840 1657 1877 fit
1669 1869 1678 1882 ‚

83 1905 126 1934 nt
140 1896 361 1946 lymphatica
374 1894 511 1933 vascula
523 1907 593 1932 una
609 1907 694 1932 cum
722 1894 963 1933 inhalantibus
981 1895 1118 1932 ostiolis
1140 1895 1272 1944 pleurae
1289 1924 1298 1938 ‚
1327 1897 1603 1935 autabdominis
1629 1910 1684 1936 re-

83 1954 262 2004 pleantur.
307 1953 473 1992 Demum
493 1954 616 1991 denuo
640 1954 760 1990 morbi
786 1954 884 1991 idem
919 1954 1124 1992 ostendunt.
1177 1953 1229 1991 Ex
1258 1954 1397 1993 scirrhis
1430 1954 1683 2004 glandularum

85 2012 393 2061 conglobatarum
412 2011 721 2061 'frequentiffimus
751 2011 915 2062 hydrops
945 2012 1050 2062 (d).
1085 2012 1152 2051 Per
1185 2024 1240 2050 eas
1269 2015 1368 2051 enim
1395 2013 1581 2063 glandulas
1608 2017 1684 2065 pel-

1593 2074 1682 2113 luci-

125 2176 245 2212 (z)l.
268 2186 285 2206 c
317 2185 345 2215 p.
375 2185 421 2214 5¹-
448 2186 493 2214 52.
527 2186 574 2213 ςς,
603 2174 674 2207 T.1
707 2176 728 2207 f.
753 2186 782 2213 4.
809 2187 833 2214 ς.
864 2175 899 2207 Τ.
924 2175 960 2206 Π.
987 2176 1011 2208 f.
1037 2185 1082 2208 ιο.

125 2217 200 2254 (a)
226 2215 379 2254 Confialtat.
410 2217 446 2248 T.
471 2217 519 2248 ΙΙΙ.
548 2227 577 2255 p.
610 2227 655 2248 ιι.
689 2227 756 2254 ¹24·
781 2218 810 2248 in
837 2217 941 2255 hepate
962 2219 989 2248 &
1014 2216 1131 2248 brachio
1154 2219 1182 2248 &
1210 2218 1240 2248 in
1265 2217 1408 2258 plyfiolog.
1427 2229 1456 2258 p.
1492 2228 1541 2260 41.
1565 2230 1612 2258 42.
1638 2221 1683 2253 De

81 2257 189 2296 hepate
214 2258 290 2287 conf.
321 2258 454 2288 eumdem
483 2257 590 2289 locum.

124 2299 171 2332 (b
192 2300 204 2333 )
228 2298 320 2328 va
334 2309 348 2329 ε
361 2309 378 2328 n
393 2308 414 2327 Ν
428 2308 476 2328 εγ
500 2299 596 2335 junior
622 2299 701 2337 apud
721 2298 814 2330 Tau
827 2308 873 2329 va
890 2309 911 2328 Y
934 2304 1013 2329 anat.
1031 2296 1174 2337 raisbnne'e
1190 2309 1220 2339 p.
1239 2310 1306 2336 1¹4·

123 2338 202 2375 (c)
230 2337 346 2376 Perspir.
374 2341 534 2376 Hippocrat.
563 2349 591 2368 n.
621 2343 690 2370 ⁶26.

124 2379 206 2416 (d)
232 2379 332 2409 Thom.
355 2378 374 2408 B
387 2389 406 2409 A
422 2390 438 2408 ι
452 2389 504 2408 τΗ
517 2390 534 2409 o
550 2391 587 2409 ιι
601 2391 620 2408 N
634 2389 676 2410 us
707 2383 823 2410 Centur.
846 2379 893 2411 lv.
914 2377 969 2418 obs.=
999 2386 1044 2417 58.
1069 2379 1094 2416 J.
1113 2380 1211 2410 Theod
1231 2381 1252 2411 E
1269 2393 1284 2410 L
1300 2392 1344 2412 ιε
1358 2392 1375 2411 R
1401 2380 1503 2420 olfirv,
1529 2386 1601 2416 med,
1626 2386 1679 2414 ΗΞ..

82 2429 160 2457 σκης.
185 2429 215 2458 p.
235 2429 286 2459 7²·
312 2419 338 2451 A
352 2430 396 2450 nr,
411 2430 426 2451 z
441 2418 589 2459 asynops.
606 2431 631 2452 c.
661 2430 704 2458 ¹4-
727 2421 760 2454 C.
789 2421 1056 2454 ΒΛιιτΒοιιΝ
1080 2422 1114 2452 de
1134 2421 1210 2453 dua.
1227 2420 1312 2462 fizliv.
1333 2434 1362 2462 p.
1393 2432 1438 2454 12.
