2003 2748
329 133 419 178 r354
860 124 1015 165 1:123.
1082 124 1183 165 JV.
1250 122 1423 167 coa.

331 224 448 263 xuoso
471 221 646 272 nimisque
679 221 753 260 fere
785 223 891 260 ramis
912 223 1025 260 divite
1052 221 1146 271 (b)
1166 250 1176 266 ,
1215 222 1362 260 derivat.
1398 218 1500 261 Alios
1523 220 1671 261 deducit
1699 223 1743 261 ab
1773 222 1931 274 ejusdem

331 283 566 323 intercostalis
597 284 717 320 trunci
747 281 891 320 duobus
922 282 1078 331 gangliis
1101 281 1335 320 cervicalibus
1364 283 1470 326 imis,
1513 282 1588 320 duo
1626 284 1723 320 enim
1753 285 1932 332 ejusmodi

331 343 476 393 ganglia
500 342 583 378 facit
600 370 609 383 ,
647 341 721 388 (&
748 343 904 379 omnino
930 354 1006 378 non
1027 354 1146 378 rarum
1170 342 1240 385 est,
1273 342 1349 379 duo
1374 340 1441 379 effe
1460 340 1608 391 >crasso
1628 342 1791 381 funiculo
1809 343 1932 382 subru-

330 404 419 444 bro,
452 400 547 450 quafl
564 400 761 449 angustiori
780 401 912 438 isthmo
935 401 1135 449 conjuneta.
1172 400 1228 438 Ab
1245 402 1285 438 iis
1306 401 1461 449 gangliis
1482 402 1721 439 creberrimos
1743 414 1872 441 nervos
1888 403 1933 440 ad

330 461 451 499 cordis
469 460 618 509 plexum
632 459 779 497 deducit
792 458 858 509 (c).
879 459 995 497 Porro
1009 460 1213 509 aphrenico
1234 467 1364 498 trunco
1377 460 1468 497 &ad
1479 472 1622 503 aurem,
1645 460 1736 498 &ad
1754 464 1934 501 ventricu-

330 520 408 559 lum
433 519 604 557 dextrum
630 518 706 567 (d)
735 532 853 557 ramos
872 520 1029 562 derivat,
1055 521 1090 557 &
1110 519 1286 557 circulum
1307 520 1503 569 quemdam
1519 521 1619 557 nervi
1634 520 1797 569 phrenici
1815 521 1933 559 dextri

331 581 368 617 &
386 579 511 616 sinistri
533 580 625 616 circa
639 579 880 627 pericardium
897 580 1063 628 depingit
1089 580 1177 626 (e),
1198 579 1296 617 unde
1313 580 1404 616 rami
1425 592 1555 617 venam
1577 592 1698 617 cavam
1724 580 1933 617 inferiorem

329 639 467 677 adeant.
517 637 702 686 Ejusmodi
726 638 816 675 nihil
835 651 998 688 unquam
1015 638 1111 681 vidi,
1149 628 1268 687 neque
1290 638 1477 688 quisquam
1492 639 1589 676 alius.
1626 638 1678 676 Ita
1702 652 1821 689 neque
1839 640 1934 678 osta-

329 711 418 737 vum
453 709 514 747 par
536 695 609 746 (f)
645 697 720 735 ullo
750 697 866 735 modo
893 700 1056 747 principe
1079 697 1142 735 suo
1168 705 1300 735 trunco
1329 697 1460 747 plexui·
1480 698 1643 735 cardiaco
1668 698 1771 736 inseri
1801 699 1928 748 potest.

329 758 462 808 Neque
489 769 507 794 a
534 756 698 794 cervicali
728 758 875 806 primo,
916 755 985 795 five
1018 757 1300 806 deciam-pare,
1348 768 1510 806 unquam
1539 756 1700 795 surculus
1733 760 1928 806 provenit,

331 830 442 868 quem
461 818 508 854 ait
531 818 586 854 vir
611 815 703 854 Clar.
734 829 818 854 cum
843 819 968 854 arteria
990 816 1179 854 vertebrali
1206 828 1271 866 per
1291 816 1451 854 canalem
1470 815 1701 867 processuum
1727 817 1933 856 transversa-

329 878 423 915 lium
443 876 528 914 colli
552 878 720 913 omnium
744 875 980 919 descendere,
1026 878 1063 913 in
1084 875 1264 925 ganglion
1284 876 1457 914 cervicale
1487 876 1654 914 infimum
1670 876 1703 913 se
1728 877 1930 919 inmittere,

331 937 370 975 &
398 948 530 973 nervos
570 935 614 973 ad
644 935 885 985 pericardium
925 937 960 973 ὃς
1002 935 1154 984 plexum
1192 947 1391 973 nervorum
1417 935 1536 973 cordis
1572 937 1664 983 (g)
1693 935 1806 973 edere.
1863 934 1934 974 Etst

330 1008 417 1035 eum
446 997 544 1033 enim
576 1007 730 1032 nervum
756 994 851 1033 Clari
877 996 943 1031 viri
974 996 1261 1043 adoptaverunt,
1306 994 1396 1032 nihil
1435 1002 1557 1033 tamen
1588 994 1700 1032 fimile
1736 997 1774 1032 in
1801 1007 1934 1045 corpo-

329 1068 368 1094 re
384 1055 729 1103 humanoreperiri‚
771 1061 949 1103 quantum
975 1052 1124 1099 sufficit,
1152 1053 1334 1092 ostensum
1364 1054 1414 1092 est
1443 1054 1535 1103 (h)
1558 1066 1578 1091 a
1612 1052 1760 1102 Georgio
1798 1054 1934 1092 Thoma

329 1114 362 1155 A
378 1127 463 1152 scu
481 1143 490 1156 ,
533 1112 721 1151 clarissimo
749 1113 895 1151 medico
911 1142 920 1157 ,
965 1114 1002 1151 &
1023 1114 1113 1151 olim
1140 1114 1266 1152 nostro
1297 1113 1472 1152 auditore.
1508 1112 1680 1163 Denique
1706 1114 1764 1151 alii
1791 1116 1881 1152 rami
1914 1126 1934 1152 a

329 1176 439 1213 tertio
465 1180 641 1223 quartove
661 1185 745 1223 pare
771 1175 920 1211 cervicis
938 1174 1012 1210 nati
1040 1174 1144 1222 (i),
1183 1175 1220 1211 &
1237 1185 1301 1223 per
1324 1186 1452 1212 venam
1473 1185 1596 1212 cavam
1613 1173 1832 1222 superiorem
1852 1202 1862 1216 ‚
1896 1173 1934 1210 ὅτ.

330 1233 528 1272 auriculam
552 1233 718 1270 dextram
734 1233 780 1270 ad
810 1245 876 1270 cor
902 1232 1091 1271 tendentes
1106 1261 1116 1276 ,
1148 1240 1209 1271 aut
1229 1234 1319 1271 rami
1337 1233 1476 1282 ganglii
1496 1233 1677 1271 cervicalis
1697 1233 1810 1270 medii
1829 1232 1928 1275 sunt,

331 1300 393 1334 aut
421 1294 576 1330 omnino
600 1292 689 1341 quid
710 1291 801 1334 sint,
836 1293 981 1341 ignoro.

391 1352 501 1402 Apud
510 1350 689 1398 jacobum
706 1348 907 1398 Benignum
920 1351 978 1388 W
993 1364 1003 1388 1
1018 1363 1044 1388 N
1058 1364 1072 1389 s
1087 1364 1107 1388 L
1122 1363 1144 1389 o
1158 1363 1196 1388 w
1211 1352 1312 1388 nervi
1329 1350 1450 1389 cordis
1464 1358 1722 1390 enumerantur
1734 1380 1742 1394 ,
1765 1362 1858 1401 quos
1874 1350 1934 1390 hic

331 1411 511 1451 recenseo.
538 1410 673 1449 Ramus
694 1410 880 1459 supremus
902 1411 1023 1448 cordis
1050 1411 1153 1458 (lc):
1192 1423 1311 1447 ramus
1339 1410 1453 1448 octavi
1472 1413 1565 1461 paris
1591 1412 1724 1455 rarior,
1746 1423 1857 1460 quem
1872 1411 1934 1449 de-

329 1473 468 1523 piclum
489 1470 573 1508 dedi
595 1469 643 1521 (l
657 1471 695 1516 >:
732 1469 785 1507 Ex
805 1471 955 1519 ganglio
982 1470 1147 1508 cervicali
1175 1471 1251 1506 imo
1277 1469 1390 1507 bifido
1422 1470 1529 1518 (m)(
1543 1483 1621 1508 non
1649 1470 1802 1517 medio)
1832 1477 1933 1508 ortus

330 1543 452 1569 ramus
481 1529 601 1567 cordis
626 1529 768 1566 medius
793 1542 922 1568 unicus
951 1532 1007 1577 (n
1025 1531 1068 1576 ):
1104 1529 1235 1567 Plexus
1266 1530 1448 1567 cardiacus
1465 1559 1474 1573 ,
1523 1543 1633 1580 quem
1658 1528 1934 1578 ganglt'formem

330 1596 460 1633 vocat,
496 1598 597 1627 ortus
621 1601 639 1625 a
659 1589 809 1638 ganglio
837 1590 1003 1627 cervicali
1024 1591 1102 1626 imo
1129 1589 1211 1637 (0)
1234 1602 1241 1625 :
1276 1588 1391 1627 Nervi
1418 1590 1537 1627 cordis
1566 1589 1740 1640 profundi
1767 1592 1823 1637 (p
1843 1590 1861 1636 )
1878 1617 1887 1632 ‚
1908 1588 1934 1626 fi

330 1650 423 1688 recte
444 1648 497 1690 Cl.
526 1650 644 1686 virum
668 1649 846 1698 intelligo.
882 1648 1042 1688 Breviter
1063 1648 1140 1687 haec
1159 1650 1283 1687 omnia
1301 1648 1480 1694 recenset,
1514 1651 1568 1688 uti
1592 1649 1741 1699 quidem
1759 1660 1934 1698 compen-

331 1709 382 1746 dii
401 1709 595 1746 anatomici
618 1709 709 1745 ratio
733 1708 899 1757 postulat.

392 1766 605 1814 Augustinus
633 1766 836 1804 Fridericus
864 1768 923 1805 W
940 1780 960 1804 A
979 1778 1147 1805 LTHER
1175 1769 1259 1816 (q)
1295 1768 1440 1817 ganglia
1473 1768 1659 1807 cervicalia
1691 1769 1755 1805 tria
1783 1766 1934 1816 perinde

331 1834 522 1868 numerat,
559 1833 679 1864 utnos
701 1826 849 1875 quidem
867 1826 1033 1865 solemus.
1071 1826 1265 1863 Cardiacos
1283 1839 1416 1863 nervos
1434 1836 1504 1865 tres
1529 1829 1676 1864 dextros
1696 1826 1930 1874 grandiores,

331 1887 498 1936 negletlo
529 1884 697 1934 supremo
721 1886 831 1933 (r),
880 1886 923 1923 ab
955 1887 1031 1922 imo
1064 1884 1214 1934 ganglio
1238 1885 1421 1928 cervIcali‚
1460 1886 1496 1923 δι
1518 1898 1536 1923 a
1562 1897 1675 1924 nervo
1705 1885 1818 1922 octavi
1841 1886 1932 1934 paris

1896 1955 1934 1981 in

372 2039 447 2077 (b)
469 2048 491 2068 c.
518 2047 541 2068 c,
565 2046 590 2075 p.
624 2044 670 2077 75.
1202 2034 1278 2073 (k)
1302 2034 1420 2074 Equsz't.
1452 2036 1543 2067 Anat.
1575 2035 1612 2067 T.
1642 2034 1692 2067 ΠΙ.
1725 2041 1762 2066 tr.
1787 2036 1833 2066 des
1860 2033 1935 2073 nerfs

371 2079 736 2117 (c)lcgk&p
763 2087 812 2116 75·
1160 2082 1283 2114 n-378-

374 2120 862 2159 (d)T11b-·7--.ll&p75·
1199 2116 1424 2156 (l)n.379.

374 2161 541 2200 (e>1bid
563 2167 587 2196 ν
612 2168 636 2197 12-
659 2161 685 2189 &
710 2171 735 2198 p
763 2171 811 2198 75
847 2170 897 2196 7⁷
1201 2157 1287 2194 (m)
1310 2168 1335 2188 n.
1366 2165 1432 2196 381.
1467 2165 1532 2197 382.

373 2199 1040 2239 (f)lntzh......7&tab4f1&f.2
1044 2203 1112 2242 .Q
1202 2198 1430 2237 (n)n.386.

331 2257 357 2285 q
386 2244 433 2274 Ple
437 2252 505 2271 xuni
529 2249 623 2271 tamen
647 2242 833 2276 cardiacum.
871 2242 919 2280 qui
940 2241 1039 2272 ἀυξὶυί
1065 2252 1112 2271 ar·
1202 2240 1246 2276 (o
1266 2241 1279 2276 )
1301 2250 1329 2269 n.
1358 2246 1424 2277 389.
1458 2248 1525 2279 390.

330 2284 434 2317 terioso
456 2283 502 2312 vic
505 2283 568 2311 inus
592 2281 721 2319 adsidet,
748 2284 846 2320 utique
868 2281 1001 2321 expresht
1014 2283 1050 2312 ad
1068 2282 1105 2312 H.
1201 2280 1214 2316 (
1233 2281 1282 2318 Ρ)
1305 2291 1332 2310 n.
1361 2288 1427 2319 388.

373 2325 450 2363 (g)
474 2332 500 2359 p-
531 2332 577 2357 75·
1201 2321 1279 2360 (q)
1302 2321 1335 2351 In
1363 2332 1460 2361 progr.-
1475 2324 1566 2360 primo
1590 2332 1644 2361 quo
1662 2323 1740 2360 paris
1753 2322 1819 2359 vagi
1842 2320 1935 2357 &in-

371 2367 382 2392 (
400 2367 417 2394 h
436 2365 448 2400 )
472 2363 504 2392 ln
528 2361 587 2392 diff
612 2363 644 2391 de
663 2365 758 2401 primo
780 2372 850 2402 pare
869 2364 994 2394 medullae
1009 2361 1108 2403 [νίπτ-
1159 2370 1213 2394 ter
1209 2362 1307 2401 ostalis
1329 2363 1502 2403 investigatio
1534 2366 1699 2392 continetur
1734 2362 1807 2401 Lips.
1847 2369 1930 2400 1733

356 2414 419 2442 NJ.
442 2411 488 2440 ις
512 2410 572 2433 not
597 2403 624 2434 k.
1201 2404 1251 2439 (r
1235 2403 1378 2443 )Nam
1407 2414 1474 2436 eum
1504 2405 1541 2435 ad
1562 2404 1704 2444 posticum
1734 2402 1933 2434 mediastinum

331 2408 500 2483 LYNJP-
531 2453 577 2482 75
1160 2444 1248 2476 ducit
