2003 2748
387 93 570 137 SECT.
619 91 663 135 V.
710 91 951 134 CAUSSAE
992 88 1231 134 MOTUS
1271 93 1541 136 CORDIS.
1683 108 1767 147 497

162 203 222 234 aut
242 192 359 233 cultro
375 195 411 231 in
434 199 555 232 cutem
577 192 701 230 adusto
715 221 724 235 ‚
748 191 785 229 hi
812 190 962 242 quidem
982 191 1085 228 inviti
1109 191 1145 228 &
1172 192 1287 240 ignari
1308 193 1382 240 ζῆτ’*
1401 192 1427 239 ).
1464 191 1534 230 Alii
1556 191 1671 232 sensus
1691 197 1771 233 vio-

160 256 351 297 lentiores,
384 251 625 302 percuffiones
661 253 696 289 ὃς
736 264 832 289 acres
856 250 1021 300 strepitus
1045 251 1289 290 adhibuerunt
1317 252 1401 301 (l).

218 314 401 353 Omnium
426 313 523 351 idem
544 312 673 361 scopus
697 311 786 354 fuit,
812 318 1009 349 concutere
1036 323 1178 349 nervos,
1213 311 1242 349 li
1268 313 1393 350 irritati
1424 312 1605 351 musculos
1623 342 1632 357 ,
1673 327 1766 364 quos

157 374 291 413 adeunt
307 402 315 415 ,
353 375 389 409 in
405 371 659 411 convulfiones
682 378 818 420 agunt,
841 383 885 408 eo
907 370 1198 408 vehementiores
1213 399 1222 414 ‚
1260 384 1335 421 quo
1362 371 1425 422 ipsi
1447 374 1623 410 acriorem
1643 374 1767 413 stimu-

156 435 232 471 lum
261 431 343 482 paffi
368 432 457 471 sunt.
506 431 761 469 Musculorum
792 443 879 468 vero
902 433 1089 480 agentium
1123 433 1176 468 vis
1207 432 1243 468 in
1273 431 1483 480 sanguinem
1516 433 1691 471 venosum
1729 435 1765 472 δι

155 493 245 530 dicta
267 493 316 529 est
343 492 412 539 (m
431 499 442 540 )
461 520 469 534 ,
505 492 541 528 δε
559 497 741 540 repetetur
769 490 828 536 (n
847 490 877 539 ).
915 490 1099 534 Tument‚
1134 503 1243 528 venas
1268 492 1467 539 interjectas
1494 490 1657 537 elidunt,
1690 494 1765 531 san·

153 555 305 601 guinem
334 553 382 588 ob
402 550 557 588 valvulas
573 549 617 587 ad
641 562 704 587 cor
731 549 900 588 dextrum
925 550 1075 599 pellunt.
1111 549 1163 588 Ita
1185 551 1348 588 stimulus
1363 551 1530 589 auriculae
1553 553 1686 591 dextrae
1709 567 1763 591 re-

153 612 230 654 dit,
269 612 305 648 &
331 622 410 659 quae
436 610 573 660 reliqua
600 610 690 648 dista
715 609 804 648 sunt.
841 608 1003 659 Oportet
1030 616 1151 648 autem
1178 610 1390 659 sanguinem
1416 610 1569 650 fluidum
1592 641 1600 655 ,
1641 625 1705 651 cor
1726 615 1762 652 ἃ

149 671 332 709 musculos
358 664 526 708 nondum
558 669 696 719 rigidos
719 668 787 707 effe
805 698 814 712 ‚
849 682 968 719 neque
996 669 1165 708 haetenus
1185 671 1418 720 putredinem
1446 671 1638 710 invaluisse.

208 730 327 778 Hujus
367 731 594 769 excitationis
621 729 810 779 peculiaris
835 729 931 768 casus
954 730 1002 767 est
1021 759 1029 773 ‚
1069 730 1218 780 quando
1233 729 1487 780 fimpliciffime
1501 732 1678 781 pressione
1700 733 1762 771 ali-

150 802 221 841 qua
250 790 456 827 vehementi
483 789 624 838 sanguis
656 789 810 827 venosus
834 789 878 826 ad
902 789 1099 828 auriculam
1130 790 1294 827 dextram
1316 791 1484 840 pellitur,
1533 792 1678 830 stimulo
1705 792 1761 831 fu-

149 857 250 888 turus
273 878 282 893 ‚
318 851 381 899 qui
408 850 603 887 aurIculam
636 849 671 886 &
703 861 766 887 cor
785 848 901 898 ipsum
930 850 973 886 ad
1001 857 1146 887 motum
1175 859 1330 888 revocet.
1367 849 1555 899 Ejusmodi
1572 851 1640 890 fuit
1668 852 1762 890 cele-

148 910 212 947 bre
236 909 324 947 illud
355 910 391 947 ἃ
417 909 601 947 funestum
627 911 918 959 experimentum
939 937 948 952 ,
990 909 1092 958 quod
1119 907 1211 947 Ves
1229 922 1250 946 A
1269 922 1289 946 L
1310 922 1320 946 1
1341 922 1364 947 o
1404 910 1501 947 exilii
1533 911 1731 962 mortisque
1746 941 1756 956 ,

145 971 183 1007 in
208 968 346 1007 deserto
373 970 494 1007 littore
519 967 710 1018 perpeffae,
754 968 853 1007 causa
883 968 960 1007 fuit.
1000 968 1096 1007 Cum
1123 970 1221 1006 enirn
1250 969 1416 1008 nobilem
1445 983 1577 1019 aegram
1596 1000 1605 1014 ‚
1647 973 1758 1009 nimis

144 1029 298 1078 cupidus
316 1058 326 1072 ,
361 1031 423 1066 vix
443 1038 626 1067 mortuam
649 1029 684 1066 &
711 1029 888 1066 calentem
907 1027 1107 1072 incidisset,
1142 1030 1179 1066 in
1205 1029 1317 1067 corde
1339 1031 1418 1068 vitae
1443 1030 1636 1080 superstitis
1663 1031 1759 1069 indi-

143 1089 197 1126 cia
216 1089 336 1139 pulsus
358 1089 478 1128 edidit.
519 1089 624 1128 Mota
641 1088 726 1126 inde
752 1087 886 1126 invidia
902 1117 911 1131 ‚
946 1088 1147 1131 accusatus,
1176 1101 1267 1139 aque
1286 1088 1454 1140 Philippo
1483 1089 1517 1128 Π
1535 1103 1629 1139 aegre
1645 1090 1758 1130 serva-

143 1154 200 1186 tus
224 1177 233 1191 ‚
278 1149 322 1186 ad
348 1150 682 1198 peregrinationem
708 1148 909 1198 religionis·
927 1148 1026 1186 causa
1053 1148 1310 1198 suscipiendam
1336 1150 1525 1188 damnatus
1543 1179 1551 1193 ,
1582 1150 1756 1190 Hieroso-

134 1207 248 1257 ,lymis
278 1209 392 1246 redux
415 1210 452 1245 in
479 1207 672 1258 Zacyntho
692 1207 803 1246 insula
820 1209 936 1257 periit.
972 1207 1024 1245 lta
1049 1216 1145 1246 certe
1171 1208 1204 1246 T
1220 1221 1244 1246 H
1262 1222 1284 1247 u
1299 1221 1357 1247 AN
1373 1221 1421 1246 us
1437 1239 1446 1253 ,
1479 1212 1525 1248 ita
1550 1223 1654 1248 nono
1673 1212 1756 1261 post

140 1268 208 1304 viri
238 1276 396 1305 mortem
419 1281 516 1307 anno
547 1266 748 1315 Ambrofius
772 1267 798 1305 P
811 1280 832 1305 A
850 1280 872 1305 R
890 1279 908 1305 ε
925 1280 945 1305 υ
964 1281 978 1305 s
1001 1268 1016 1318 (
1033 1280 1050 1305 o
1070 1267 1085 1317 )
1104 1267 1275 1318 scriptum
1306 1269 1458 1319 reliquit.
1494 1270 1626 1309 Similis
1646 1273 1773 1310 etiamx

139 1325 163 1364 S
176 1339 196 1364 L
213 1339 231 1363 E
247 1338 271 1364 G
287 1339 305 1364 E
320 1340 341 1365 L
358 1340 407 1365 10
441 1326 532 1376 (p)
566 1326 759 1377 graviffimi
780 1340 824 1365 ex
838 1335 975 1365 terrore
1005 1329 1126 1365 morbi
1155 1327 1268 1366 caussa
1295 1328 1371 1367 fuit.
1416 1329 1585 1368 Creditur
1607 1338 1726 1369 autem
1740 1360 1749 1375 ,

138 1387 286 1424 innixos
303 1389 340 1425 in
359 1399 474 1437 nuper
495 1388 631 1425 mortui
646 1386 806 1425 hominis
837 1388 961 1437 pestus
987 1387 1163 1425 adstantes
1191 1390 1349 1432 annom,
1385 1389 1596 1438 sanguinem
1628 1393 1666 1428 in
1691 1404 1753 1429 aua

137 1446 287 1484 riculam
308 1447 470 1485 dextram
486 1445 715 1496 promovisse.
753 1445 794 1485 Et
812 1455 906 1485 certe
924 1447 998 1485 aliis
1027 1449 1133 1485 etiam
1155 1450 1368 1486 anatomicis
1384 1449 1548 1487 accidisse
1570 1450 1747 1498 legimus,

136 1514 177 1543 ut
204 1518 268 1543 cor
295 1507 436 1556 pulsans
466 1508 503 1543 in
534 1506 735 1556 exspectato
754 1507 925 1545 cadavere
939 1507 1184 1550 offenderint,
1221 1507 1312 1546 male
1330 1521 1532 1552 memores,
1570 1522 1634 1547 cor
1656 1510 1752 1548 mol-

134 1565 196 1608 le,
232 1579 251 1603 a
275 1565 389 1605 fluido
411 1566 612 1615 sanguine,
652 1565 793 1616 aliquot
826 1568 982 1605 omnino
1015 1580 1034 1605 a
1063 1569 1184 1617 quiete
1218 1567 1344 1612 horis,
1389 1568 1488 1619 posse
1523 1570 1566 1607 ad
1602 1577 1749 1608 motum

134 1627 304 1663 revocari.

373 1739 406 1782 ἓ.
440 1735 607 1775 XVII.
657 1735 782 1787 „Quare
816 1735 980 1773 auricula
1007 1742 1088 1774 ante
1112 1736 1328 1775 ventriculos
1353 1737 1503 1787 pulsent.

190 1843 390 1894 Denique,
432 1845 560 1894 incipit
594 1843 774 1893 intelligi,
815 1845 916 1894 quod
952 1847 1132 1884 continuo
1164 1847 1202 1883 in
1235 1847 1473 1895 quaestionem
1499 1848 1742 1888 vocabimus:

131 1915 243 1953 quare
264 1916 395 1953 nempe
417 1907 558 1952 priores
581 1904 770 1945 auriculae,
813 1905 848 1940 &
870 1904 1086 1953 posteriores
1125 1906 1167 1941 ab
1199 1917 1244 1942 eo
1280 1907 1507 1956 tempusculo
1554 1910 1746 1948 ventriculi

130 1964 434 2011 constringantur.
474 1962 569 2000 Cum
594 1964 691 1999 enim
715 1974 733 1998 a
767 1962 912 2001 stimulo
940 1962 1121 2013 sanguinis
1152 1963 1275 2002 Venosl
1310 1966 1345 2003 δε
1380 1967 1546 2005 auriculae
1568 1980 1745 2007 movean-

129 2028 212 2066 tur,
255 2023 290 2060 ἃ
319 2022 535 2066 ventriculi,
582 2020 641 2060 sed
669 2022 807 2072 priores
837 2034 882 2061 ex
910 2024 1011 2062 venis
1036 2024 1105 2063 suis
1130 2024 1342 2073 sanguinem
1365 2027 1532 2066 auriculae
1556 2027 1739 2073 habeant,

1622 2090 1743 2138 poste-

167 2180 230 2215 (Ρ
247 2181 258 2215 >
291 2190 316 2218 ι)Α
347 2185 415 2217 484-

168 2221 449 2256 (l)RUML1-:R
477 2219 534 2250 obs.
564 2224 613 2259 67.

170 2262 183 2297 (
203 2262 257 2295 m)
282 2272 307 2297 p.
335 2270 400 2299 205.

169 2303 183 2338 (
204 2312 224 2330 n
244 2303 255 2337 )
284 2300 370 2332 Libro
402 2302 435 2332 V.

130 2343 216 2414 1]εὲὶέ
221 2344 257 2413 ΓΒΕ
267 2345 319 2413 ΒΞ1
341 2348 374 2414 {¹4
378 2340 554 2420 lieffzegfztgcz
567 2353 594 2382 p.
611 2347 678 2383 236.
696 2346 772 2377 tecto
800 2345 916 2385 quidem
931 2346 1065 2387 nomine,
1101 2347 1128 2381 δι
1144 2348 1322 2392 manifestius
1347 2351 1379 2381 in
1401 2358 1516 2389 operum
1535 2353 1664 2397 omnium
1680 2352 1738 2383 0012

166 2425 249 2462 (p)
277 2425 359 2462 Apud
385 2425 438 2455 ΒΑ
457 2435 729 2459 ῃτΗοιιΝυΜ
769 2429 870 2469 ζ’γηιῙνΙ).
897 2440 927 2470 p.
948 2440 993 2473 27,

214 2467 340 2509 Haller
371 2468 560 2522 Plzyfiolog.
600 2471 709 2512 Tom.
742 2472 769 2514 Ι.
1314 2478 1347 2516 R
1365 2491 1383 2517 r
1398 2491 1415 2516 r
