2003 2748
346 137 426 180 384
850 125 1171 169 LIRJV.
1238 124 1412 168 coR.

339 227 440 270 finit,
472 228 535 275 qui
563 236 626 274 per
652 224 779 262 ostiola
810 224 924 261 modo
951 224 1145 273 descripta,
1180 224 1360 274 liquorem
1387 224 1558 273 sanguine
1585 223 1769 274 aliquanto
1800 227 1940 268 subtilia

338 298 443 324 orem
470 287 505 322 ἃ
524 284 732 321 calidiorem
750 283 920 333 depluere
936 312 945 326 ‚
981 296 1139 333 cumque
1164 283 1298 321 venoso
1325 283 1496 333 sanguine
1523 283 1684 327 misceri,
1728 284 1877 330 docuit,
1918 301 1937 326 a

339 357 415 394 quo
440 343 555 380 redux
575 356 593 380 a
616 345 709 380 cavis
733 345 833 380 venis
850 355 958 380 cruor
975 343 1120 380 calescat
1140 344 1176 379 &
1200 349 1389 385 tenuetur,
1422 343 1539 391 adque
1562 351 1706 380 motum
1728 343 1933 389 suscitetur,

337 411 398 441 aut
419 403 573 440 omnino
591 402 740 440 demum
762 402 997 440 fermentetur
1013 431 1022 445 ‚
1057 412 1095 440 ut
1121 401 1179 439 alii
1204 402 1287 440 clari
1316 404 1405 444 viri,
1437 402 1480 439 ad
1499 402 1675 450 ejusmodi
1693 402 1855 441 fervores
1872 405 1935 442 ad-

336 461 536 499 mittendos
565 464 785 510 promtiores
813 461 959 499 tradunt
985 464 1001 509 (
1016 462 1080 509 q).

399 520 516 559 Facile
547 521 703 559 ostendit
739 521 828 558 olim
854 519 880 558 B
895 533 917 557 o
930 532 948 557 Ε
961 533 984 557 R
998 533 1056 558 HA
1074 533 1092 557 Α
1107 533 1129 558 v
1142 532 1154 558 1
1168 532 1190 556 υ
1204 532 1219 556 s
1247 522 1298 567 (r
1315 521 1352 567 )‚
1383 533 1533 570 parvum
1553 521 1743 558 discrimen
1757 520 1824 558 esse
1844 523 1939 559 inter

336 580 576 629 sanguinem,
618 592 681 629 per
717 580 844 618 ostiola
880 580 938 616 illa
976 581 1119 617 minora
1153 579 1402 628 percolatum,
1445 581 1735 618 &communem
1756 580 1938 629 sanguinis

337 639 460 677 venosi
477 646 651 678 naturam.
683 639 762 685 Qui
778 641 876 677 enim
891 639 1033 688 sanguis
1050 639 1123 677 hoc
1138 641 1313 687 temporis
1327 646 1520 676 momento
1538 641 1573 676 in
1587 641 1784 685 coronariis
1802 641 1942 678 arteriis

337 699 387 737 est
404 727 414 742 ,
451 700 503 742 is,
539 697 564 735 fi
583 697 775 737 diutissime
796 711 910 748 ponas
936 700 974 735 in
1005 698 1182 747 pulmone
1208 696 1337 735 haefiffe
1354 726 1364 740 ‚
1398 705 1479 735 ante
1504 697 1564 735 sex
1579 699 1676 736 horae
1701 701 1839 736 minuta
1864 701 1937 748 pri-

325 771 396 796 -ma
425 770 488 808 per
517 770 648 795 venam
678 770 802 796 cavam
837 757 882 795 ad
921 769 985 795 cor
1020 757 1174 795 advenit.
1226 755 1323 794 Intra
1347 767 1432 802 450
1472 758 1569 794 enim
1594 756 1714 807 pulsus
1740 765 1940 808 nongentae

322 819 454 855 unciae
479 829 523 855 ex
549 817 662 855 corde
682 816 820 855 sinistro
849 824 1008 859 exeunt,
1046 829 1124 866 quae
1150 814 1255 853 malfa
1273 817 1390 863 major
1411 816 1460 853 est
1481 817 1682 860 totamole
1711 817 1931 860 humorum,

338 889 402 926 per
429 878 552 914 rubras
576 888 682 913 venas
709 877 752 913 ad
775 888 840 914 cor
860 876 1096 913 revec’torum.
1135 874 1187 912 Ut
1207 887 1295 924 ergo
1321 887 1385 913 cor
1410 875 1562 918 habeat,
1601 876 1702 925 quod
1730 877 1768 913 in
1792 883 1932 913 aortam
1975 872 1977 874 ’

339 936 517 984 expellat,
557 933 694 972 necesse
721 936 791 978 est,
820 942 860 973 ut
884 937 975 973 intra
1001 935 1100 972 idem
1127 941 1270 983 tempus
1300 934 1358 971 sex
1377 935 1581 983 primorum
1611 937 1837 973 minutorum
1857 934 1935 973 san-

338 996 441 1042 guis,
473 1007 562 1031 vena
588 1007 671 1032 cava
699 1001 916 1037 contentus,
946 996 981 1031 in
1000 994 1217 1042 pulmonem
1237 992 1435 1031 successerit
1451 1022 1460 1036 ,
1495 996 1606 1044 inque
1623 996 1935 1044 noningentarmu

339 1055 528 1092 unciarum
559 1053 686 1092 locum
709 1055 870 1097 venerit,
922 1065 1008 1102 quas
1029 1061 1128 1090 aorta
1157 1054 1303 1091 interim
1323 1054 1471 1103 accepit.

628 1166 659 1208 ἓ.
694 1160 736 1201 X
749 1161 791 1201 X
807 1161 848 1201 X
865 1161 898 1200 V
911 1160 926 1199 I
940 1160 955 1199 Ι
971 1161 998 1199 Ι.
1062 1159 1126 1200 An
1145 1162 1272 1200 dentur
1294 1164 1332 1199 in
1349 1163 1448 1200 corde
1458 1162 1645 1211 glandulae.

398 1271 451 1309 Ita
477 1283 596 1320 neque
618 1270 804 1319 glandulas
834 1269 1080 1313 admittimus,
1123 1283 1209 1320 quas
1231 1268 1399 1309 nonnulli
1426 1270 1478 1309 Cl.
1503 1273 1569 1309 viri
1591 1273 1629 1309 in
1659 1272 1769 1310 corde
1803 1272 1934 1311 statue·-

337 1338 432 1368 runt.
488 1330 642 1369 Unicam
669 1332 706 1368 in
728 1329 852 1368 medio
875 1329 975 1379 septo
997 1330 1117 1368 cordis
1140 1329 1174 1367 se
1197 1329 1320 1368 vidisse
1339 1358 1351 1371 ,
1396 1329 1493 1368 R10
1512 1343 1532 1368 L
1547 1343 1569 1368 A
1585 1343 1608 1367 N
1625 1344 1672 1369 us
1693 1329 1774 1382 (s)
1807 1332 1933 1370 auster

338 1391 397 1427 est.
434 1389 475 1427 In
498 1389 669 1428 cuniculo
689 1388 726 1427 H
743 1402 763 1426 A
781 1403 802 1426 R
816 1402 840 1427 n
854 1401 873 1425 ε
888 1402 909 1426 R
925 1401 945 1425 u
960 1402 974 1426 s
1003 1389 1076 1436 (t)
1099 1389 1355 1427 intestinalium
1371 1388 1500 1426 similes
1522 1390 1708 1438 glandulas
1726 1390 1924 1441 descripsit,

337 1451 374 1486 &
407 1449 446 1486 in
466 1449 665 1498 acipensere
683 1450 795 1496 nigrae
815 1448 994 1496 glandulae
1016 1448 1098 1486 sunt
1119 1447 1220 1498 (u),
1257 1461 1335 1497 quae
1353 1450 1390 1484 in
1407 1449 1526 1486 cordis
1549 1449 1791 1488 ventriculum
1811 1458 1928 1489 atrum

335 1508 531 1546 humorem
562 1508 761 1556 deponunt.
818 1507 859 1545 ln
892 1507 1083 1556 elephanto
1107 1507 1193 1555 (x)
1233 1507 1382 1545 demum
1419 1507 1606 1556 glandulas
1646 1508 1854 1558 conspicuas
1889 1511 1928 1547 in

337 1567 457 1604 cordis
490 1567 697 1605 ventriculis
725 1567 901 1609 habitare,
942 1568 1166 1616 rubrumque
1189 1566 1456 1605 &tinctorium
1485 1567 1666 1616 liquorem
1696 1580 1841 1618 parare,
1873 1570 1928 1606 vir

337 1627 431 1663 inter
455 1625 607 1664 solertos
628 1628 852 1664 anatomicos
874 1627 999 1675 utique
1020 1626 1243 1664 honoratum
1259 1626 1385 1664 locum
1403 1625 1470 1664 suis
1491 1627 1674 1665 laboribus
1694 1630 1842 1666 meritus
1861 1628 1928 1666 do-

338 1687 420 1723 cuit.
471 1684 612 1723 Verum
635 1686 671 1723 in
693 1685 844 1723 homine
871 1685 1018 1734 quidem
1042 1683 1141 1723 nulla
1168 1685 1336 1724 haetenus
1364 1685 1535 1723 industria
1565 1686 1699 1736 aliquid
1724 1686 1926 1736 glandulost

336 1744 473 1781 detexit
505 1745 559 1790 (y
577 1753 616 1792 >3
648 1757 767 1793 neque
789 1745 930 1782 videtur
951 1752 1010 1781 aut
1034 1757 1053 1781 a
1074 1744 1245 1792 glandula
1262 1757 1364 1782 mora
1391 1743 1504 1782 abesse
1532 1745 1630 1794 posse
1661 1748 1745 1794 (z)
1761 1775 1771 1790 ,
1806 1756 1866 1784 aut
1886 1748 1925 1783 in

335 1803 446 1840 corde
468 1814 570 1839 mora
613 1802 763 1839 admitti.
824 1803 859 1840 Si
879 1805 1034 1844 omnino
1064 1805 1101 1838 in
1123 1803 1246 1852 aliquo
1276 1804 1427 1841 animale
1448 1804 1701 1852 glandulosum
1724 1805 1858 1853 aliquid
1885 1806 1923 1841 in

335 1862 446 1898 corde
467 1861 616 1899 residere
638 1862 776 1910 potest,
810 1861 846 1898 id
872 1863 908 1899 in
935 1860 1048 1910 pisce,
1083 1860 1204 1904 lento,
1243 1861 1432 1911 minusque
1458 1862 1581 1900 celeris
1606 1862 1726 1912 pulsus
1748 1863 1920 1907 animale„

333 1920 521 1970 exspestari
541 1919 664 1970 poffet.

1617 1985 1650 2026 §-
1685 1980 1727 2020 X
1738 1980 1778 2020 X
1789 1981 1829 2020 X
1841 1982 1857 2020 I
1867 1981 1918 2023 X.

438 2035 722 2073 )LANc181us
750 2036 768 2066 l.
802 2047 825 2066 c.
854 2046 879 2074 p.
914 2044 960 2071 71.

444 2077 543 2107 NIm'Y.
572 2078 612 2105 rei
634 2078 715 2107 M'ed.
744 2087 768 2107 n.
801 2087 866 2115 ¹77·
896 2078 951 2108 &c-

472 2118 700 2155 Anthopograph.
727 2127 755 2155 p.
781 2128 849 2156 239.

472 2160 593 2187 Exercit.
624 2159 726 2187 Paeonis
743 2158 781 2193 {23⁹
806 2159 958 2196 Pythagor.
982 2168 1008 2196 p.
1038 2167 1103 2195 114.

479 2196 633 2228 Monesi
649 2209 667 2227 o
685 2208 715 2228 N.
745 2198 820 2237 Epist.
848 2200 940 2230 Anat.
968 2199 1032 2229 XV.
1061 2209 1090 2230 n.
1122 2207 1147 2229 2.
1172 2207 1206 2229 ex
1223 2198 1421 2232 observatione
1446 2200 1476 2231 A.
1505 2199 1547 2232 Μ.
1575 2200 1829 2232 VALsszn.

473 2238 902 2274 J.G.DuvnRN011.c.
932 2250 959 2277 p.
992 2250 1058 2277 300.

372 2035 387 2274 ΛᾹΑΛΛΛ

404 2209 424 2226 ξ
406 2163 418 2185 κ
407 2127 419 2146 ὴ
403 2046 420 2105 *³⁸2

402 2249 418 2266 μ

437 2159 448 2193 )

439 2201 455 2275 >>

372 2278 449 2315 (y)
473 2278 568 2308 Exstat
598 2280 730 2317 equidem
757 2281 780 2316 J.
805 2280 834 2310 Β,
857 2281 931 2311 ΒιΛ
948 2290 969 2309 N
986 2291 1004 2310 e
1020 2290 1065 2309 nr
1095 2280 1131 2310 de
1149 2280 1290 2318 glandulis
1318 2281 1436 2314 internis
1466 2283 1558 2314 cordis
1585 2283 1703 2313 humani
1728 2281 1920 2313 testimonium

331 2318 406 2356 apud
432 2319 638 2348 SENACUM
668 2320 701 2349 T.
728 2320 749 2350 Ι.
775 2331 802 2358 p.
830 2330 895 2357 υς.
922 2321 977 2350 Sed
1003 2322 1063 2357 ejus
1085 2322 1208 2352 auctoris
1239 2322 1336 2357 paffim
1360 2325 1388 2353 in
1417 2323 1607 2354 describendis
1634 2323 1778 2363 particulis
1794 2323 1921 2361 corporis

331 2359 448 2390 humani
462 2358 556 2389 nescio
576 2369 639 2396 quae
661 2360 811 2390 infilicitvs
823 2383 830 2396 ‚
860 2362 957 2392 multis
975 2362 1113 2399 exemplis
1129 2363 1276 2397 innotuit,
1304 2364 1501 2401 musculorum
1512 2365 1633 2401 utethrae
1649 2382 1659 2400 ι
1683 2365 1771 2398 cranii
1788 2364 1918 2402 sinuum,

335 2401 362 2430 &
387 2409 561 2430 nervorum,
586 2401 723 2432 ductuum
746 2402 879 2440 hepatico
900 2403 1074 2442 cysticorum
1103 2404 1156 2439 ἃς.

311 2445 315 2447 ”
373 2439 585 2478 (2)L.vlL
