2003 2748
329 187 412 217 200
553 175 703 215 LIB.
746 175 851 213 III.
919 172 1270 214 CIRCUITUS
1331 175 1677 218 SANGUINIS.

418 271 559 310 Verum
594 270 758 320 quotidie
789 270 878 313 alio,
914 277 1035 307 tamen
1071 272 1204 320 pariter
1245 270 1382 308 salutari
1414 272 1564 310 consilio
1588 301 1597 316 ,
1634 273 1794 323 chirurgi
1821 275 1923 313 idem

330 333 619 382 experimentum
645 338 836 378 repetunt,
871 331 1014 378 quoties
1040 331 1078 367 in
1106 330 1254 368 vulnere
1279 329 1479 379 plurimum
1500 331 1712 380 sanguinem
1732 333 1919 378 fundente,

330 400 390 429 aut
417 392 453 426 in
474 389 746 438 aneurysmate,
780 390 893 438 inque
923 389 1176 427 membrorum
1213 392 1461 440 amputatione
1488 390 1669 439 sanguinis
1699 391 1744 429 ad
1766 392 1923 441 aliquam

329 450 494 498 corporis
517 451 709 497 regionem
735 449 801 486 iter
829 450 1042 498 intercipere
1071 449 1210 487 volunt.
1247 449 1508 499 Comprimunt
1534 451 1632 486 enim
1655 452 1844 493 arteriam,
1862 458 1924 489 aut

332 509 488 546 omnino
515 520 579 546 cor
603 509 699 545 inter
726 508 762 545 ὃς
793 520 872 545 eam
909 509 1100 556 regionem
1129 509 1319 547 vinculum
1346 511 1521 555 injiciunt.
1588 507 1744 547 Dudum
1769 509 1926 548 (Μιε-

328 578 419 605 Nus
460 569 498 605 in
535 566 796 615 haemorrhagia
829 568 993 604 arteriam
1026 568 1310 606 immarcescibili
1343 567 1406 607 filo
1448 567 1580 617 ligabat
1613 567 1734 616 (Μ).
1799 567 1926 617 Ligata

329 627 488 665 carotide
509 629 633 665 arteria
653 625 914 674 haemorrliagia
941 628 1082 665 narium
1110 625 1284 676 suppreffa
1301 627 1350 664 est
1378 628 1469 676 (c).
1506 627 1603 665 Hinc
1628 627 1768 676 sanguis
1785 655 1793 670 ‚
1814 639 1926 676 quem

330 698 396 725 cor
427 687 590 736 inpulit,
635 687 799 724 arteriam
832 686 980 728 dilatat,
1018 688 1161 735 quoties
1200 688 1275 734 ejus
1313 698 1393 735 pars
1435 688 1614 724 remotior
1649 687 1692 725 ab
1724 685 1927 724 infiamma-

328 747 430 784 tione
460 746 544 793 (d)
576 753 635 784 aut
657 746 700 784 ab
721 745 788 782 alia
813 744 913 783 causa
938 747 1113 795 impervia
1138 745 1225 783 facta
1247 744 1308 784 est.

785 867 816 911 §-
852 862 900 903 V.
968 861 1118 911 Olajefflo
1147 864 1203 902 cui
1233 863 1468 914 respondetur,

389 983 446 1023 Est
471 990 592 1022 tamen
619 983 719 1033 quod
746 983 857 1031 objici
880 982 985 1032 poffit
1015 982 1114 1030 (e),
1150 981 1212 1020 etfi
1237 982 1406 1021 nondum
1435 983 1615 1032 objefium
1646 980 1708 1020 est.
1786 982 1931 1031 ‘sobrina'

330 1056 388 1081 ms
426 1044 695 1081 RioLANus
729 1041 816 1090 (f)
850 1042 939 1080 olim
979 1043 1139 1084 notavit,
1175 1054 1260 1080 cum
1288 1044 1413 1080 arteria
1450 1042 1613 1081 cubitalis
1661 1042 1763 1091 supra
1797 1042 1931 1080 vulnus

328 1103 480 1140 firmiter
511 1103 617 1152 ligata
659 1101 773 1140 fuiffet
795 1130 804 1144 ,
840 1111 963 1139 tamen
1001 1113 1046 1138 ex
1076 1113 1120 1138 eo
1157 1099 1307 1139 vulnere
1339 1101 1551 1150 sanguinem
1594 1100 1786 1138 exstillaffe.
1851 1100 1931 1149 lpse

331 1162 432 1205 vidi,
467 1173 551 1199 cum
584 1163 718 1198 arteriae
750 1160 891 1199 radialis
921 1168 1071 1198 truncus
1093 1161 1130 1197 in
1154 1160 1287 1208 juvene
1320 1161 1468 1199 vinculo
1502 1162 1722 1210 interceptus
1747 1158 1856 1203 esset,
1879 1167 1931 1197 ta-

329 1234 416 1258 men
449 1233 493 1258 ex
524 1222 599 1268 ejus
625 1229 724 1269 parte
759 1220 946 1262 inferiori,
983 1221 1093 1268 inque
1124 1231 1232 1257 manu
1263 1219 1488 1268 aliquantum
1524 1220 1705 1267 sanguinis
1742 1216 1924 1256 effluxisse.

331 1279 518 1327 johannes
542 1277 635 1316 ΨΑ
652 1291 778 1316 LAEus
807 1279 972 1316 arteriam
995 1279 1050 1316 bis
1080 1279 1247 1326 ligatam,
1282 1280 1377 1316 inter
1404 1278 1479 1316 duo
1505 1278 1649 1316 vincula
1674 1277 1762 1314 vidit
1788 1276 1930 1325 sangui-

332 1351 419 1377 nem
449 1337 574 1376 fudisse
594 1339 686 1386 (g).
748 1336 802 1375 Ex
818 1337 892 1375 hoc
912 1345 1043 1375 eventu
1069 1337 1256 1374 observato
1281 1336 1410 1386 procul
1431 1337 1545 1375 dubio
1570 1334 1826 1385 chirurgorum
1847 1347 1930 1373 cau-

332 1397 400 1435 tela
424 1406 504 1435 nata
533 1397 601 1440 est,
631 1405 669 1434 ut
695 1397 749 1434 bis
775 1398 940 1434 arteriam
963 1396 1179 1434 brachialem
1207 1396 1346 1445 ligent,
1379 1398 1415 1434 &
1436 1396 1539 1445 supra
1563 1395 1720 1440 Vulnus,
1754 1395 1790 1432 &
1824 1394 1928 1437 infra,

331 1469 378 1495 ne
405 1457 546 1505 sanguis
576 1456 638 1494 sub
667 1457 779 1493 unico
800 1455 947 1493 vinculo
979 1455 1099 1493 effluat
1124 1455 1222 1503 (h).

391 1515 501 1554 Reae
527 1515 626 1552 hunc
654 1514 862 1564 scrupulum
888 1514 993 1552 solvit
1021 1513 1337 1552 PRAECErToR
1368 1514 1529 1564 optimus
1555 1511 1657 1560 (i),
1692 1510 1729 1563 Sc
1755 1524 1838 1550 eum
1856 1510 1932 1549 san-i

333 1578 511 1625 guinem,
547 1576 608 1623 qui
637 1573 726 1611 infra
757 1574 941 1612 vinculum
971 1573 1084 1611 effluit
1103 1602 1114 1617 ,
1149 1585 1217 1621 qua
1241 1583 1340 1622 parte
1364 1574 1504 1612 nullum
1531 1579 1743 1621 oportuerat
1771 1567 1929 1614 effluere,

334 1635 379 1672 ad
408 1633 649 1671 anastomofin
676 1633 831 1682 aliquam
863 1633 989 1675 refert,
1025 1644 1104 1682 quae
1135 1631 1344 1680 sanguinem
1367 1661 1375 1675 ‚
1412 1645 1457 1670 ex
1497 1634 1619 1669 vicino
1650 1631 1793 1680 aliquo,
1827 1630 1932 1679 supra

334 1693 456 1730 sedem
480 1692 614 1729 vinculi
648 1699 756 1735 nato,
792 1700 924 1730 trunco
961 1694 997 1729 in
1022 1704 1100 1729 eam
1129 1700 1265 1740 partem
1295 1691 1410 1739 ligatae
1437 1694 1570 1728 arteriae
1600 1690 1734 1731 adfert,
1771 1702 1850 1738 quae
1876 1689 1931 1726 su-

334 1764 398 1802 pra
422 1751 610 1790 vinculum
632 1751 690 1788 est.
757 1749 809 1789 lta
831 1759 948 1796 certe,
983 1753 1021 1789 in
1047 1749 1217 1800 exemplo
1242 1763 1262 1788 a
1284 1750 1526 1789 Pnfficmr
1541 1761 1636 1788 oar.
1660 1749 1830 1790 excitato,
1855 1746 1933 1784 fieri

1795 1807 1929 1856 potuit,

380 1925 465 1965 (θ’)
498 1928 540 1956 De
564 1925 693 1958 Method.
722 1925 864 1958 Medend.
890 1925 921 1957 L.
946 1925 1028 1958 Xlll.

380 1969 447 2003 (c)
473 1966 588 1999 iwatth.
620 1965 753 2004 Gottsrid.
782 1967 798 1996 Ρ
811 1976 859 1996 ua
876 1977 928 1997 MA
945 1977 965 1996 Ν
982 1977 1002 1996 Ν
1027 1967 1065 1996 irn
1089 1964 1299 2006 chirurgi-{ihm
1321 1965 1501 1997 lorberkranz
1521 1974 1549 2001 n.
1574 1972 1639 2001 351.

380 2009 448 2044 (d)
472 2008 504 2039 F.
528 2009 563 2038 de
594 2009 615 2039 S
629 2019 648 2038 A
665 2018 680 2037 υ
698 2019 715 2038 ν
729 2018 746 2037 Λ
761 2017 780 2037 G
793 2018 807 2037 r,
821 2017 834 2038 s
866 2008 896 2039 L.
927 2009 962 2037 de
985 2009 1153 2044 infimnmnt.
1181 2017 1246 2039 cum
1277 2008 1301 2038 H
1319 2018 1336 2037 A
1352 2019 1369 2037 L
1383 2018 1397 2037 r
1409 2018 1440 2037 si
1455 2017 1473 2036 o
1497 2007 1575 2036 edito
1609 2015 1639 2043 p.
1666 2009 1734 2040 281.
1764 2000 1932 2041 Theophilm

336 2049 362 2080 L
379 2059 399 2079 o
418 2060 432 2079 Β
449 2061 464 2080 u
487 2047 614 2085 ofsezvers
639 2059 666 2086 p.
696 2057 762 2085 ²47-

382 2090 450 2126 (e)
476 2090 571 2120 Movit
598 2100 660 2120 eam
683 2089 875 2125 objectionem
904 2088 950 2118 Pa
964 2099 989 2119 ιε
1003 2099 1072 2119 cer
1086 2099 1163 2119 Tou
1198 2087 1316 2120 Prae'effl.
1351 2089 1440 2118 Acad.
1463 2087 1500 2118 T.
1519 2087 1552 2117 ll.
1578 2096 1606 2124 p.
1631 2095 1676 2124 37.

382 2132 394 2165 (
444 2133 456 2167 )
481 2131 513 2160 ln
542 2133 616 2160 notis
633 2134 670 2160 nl
693 2130 768 2159 WA
783 2141 854 2159 aar
882 2130 1000 2167 epistolas
1030 2141 1047 2168 p
1079 2135 1145 2161 ⁶21.
1175 2131 1243 2161 edit.
1268 2130 1315 2159 fol.
1351 2130 1429 2160 Vidit
1452 2129 1552 2159 eadem
1576 2126 1774 2158 WALAEus
1793 2123 1876 2162 Epffl.
1892 2122 1929 2155 Π.

341 2181 368 2210 p.
389 2172 457 2209 416.
483 2173 681 2217 qui-numerus
709 2170 832 2208 adesset,
848 2171 898 2204 nili
919 2172 1026 2202 incuiia
1051 2171 1222 2210 typographi
1251 2168 1389 2202 omififfet.

383 2213 431 2287 ἐξ
481 2212 611 2281 Ριῗιέκιι
626 2263 635 2280 x
655 2258 778 2289 ραι-ιρι.
807 2253 838 2283 L.
869 2253 907 2283 Π.
942 2263 966 2291 ρ,
998 2262 1066 2289 ²43·
1100 2253 1193 2283 Wrs
1208 2263 1257 2283 tm
1276 2262 1287 2281 a
1303 2262 1356 2282 uu
1379 2259 1452 2289 oper.
1473 2257 1547 2281 omn.
1586 2258 1616 2289 p.
1641 2257 1705 2287 357-
1734 2249 1752 2279 S
1766 2258 1783 2278 Λ
1797 2256 1929 2278 viano

449 2212 462 2248 )

361 2291 397 2331 lfi
425 2253 469 2329 3}-
495 2292 576 2324 Alex.
607 2293 637 2322 M
652 2303 668 2321 0
683 2302 703 2321 N
718 2303 732 2320 ιι
748 2303 795 2323 oo
823 2295 852 2324 in
874 2290 972 2332 Effltys
998 2293 1032 2330 os
1046 2305 1064 2323 ιι
1079 2291 1186 2331 society
1209 2300 1241 2322 at
1262 2293 1438 2330 Edimburgh
1459 2292 1495 2323 T.
1515 2291 1549 2322 ΙΙ.
1578 2301 1608 2322 n.
1628 2300 1673 2327 ¹5·
1700 2289 1736 2319 T.
1751 2288 1794 2318 lV.
1823 2298 1852 2318 n.
1882 2296 1929 2325 17.

374 2357 379 2363 .
402 2333 425 2369 J.
449 2334 479 2363 C.
515 2333 567 2363 ΟΛ
581 2342 600 2362 n
614 2343 657 2362 ux
671 2343 689 2362 o
703 2343 778 2363 sso’r
804 2329 906 2372 operui.
935 2336 967 2363 de
990 2335 1130 2371 chirurgio
1158 2333 1193 2364 T.
1224 2333 1272 2364 lll.
1306 2341 1334 2373 p.
1358 2344 1423 2371 249.
1461 2333 1501 2363 Le
1524 2332 1578 2362 Dx
1593 2341 1647 2361 AN
1676 2335 1777 2367 operat.
1802 2329 1836 2357 de
1856 2328 1926 2357 chir.

365 2398 371 2403 .
391 2383 436 2411 30.
468 2373 495 2403 llll
512 2384 583 2403 oei
600 2383 737 2403 Νειιι
764 2375 797 2404 de
815 2373 972 2413 aneurpsn.
1007 2385 1034 2413 p.
1058 2374 1158 2406 XXII.
1185 2372 1239 2414 obst
1267 2384 1294 2410 4.
1327 2375 1350 2404 V
1367 2385 1418 2404 γι
1435 2381 1583 2403 uooau
1609 2372 1636 2400 in
1663 2370 1931 2401 Hnsnxuu·

369 2424 461 2494 .(ri)r.
475 2414 500 2486 ἓ
515 2424 536 2487 ἓ
550 2424 569 2444 Α
584 2424 629 2485 alr>
643 2424 657 2443 t
683 2412 799 2455 prosint.
815 2415 890 2456 state
914 2414 1079 2457 offiirgery
1099 2425 1127 2450 c.
1154 2419 1199 2456 3⁶·
1222 2425 1250 2456 p.
1267 2425 1335 2456 ²09·
1357 2416 1385 2449 ἃ
1403 2414 1471 2454 alii,
1497 2414 1545 2447 vix
1567 2412 1627 2445 ullo
1644 2416 1779 2451 excepto,

411 2465 421 2484 ι
500 2465 515 2485 0
539 2465 584 2486 em
620 2464 682 2487 oce.

344 2304 359 2323 0

343 2333 371 2454 *ez-:³73
