2003 2748
342 170 476 216 'SEU
498 174 540 216 T.
571 175 662 216 III.
698 173 778 215 EX
808 171 1090 216 ARTERIIS
1122 173 1188 213 IN
1217 171 1421 213 VENAS.
1596 181 1676 218 237

90 271 277 313 >obscurius
294 270 434 320 scripfit.
450 270 706 310 Luculentiora
724 272 759 308 in
768 269 956 318 posthumis
971 270 990 318 (
1006 270 1053 316 d)
1075 271 1318 318 experimenta
1334 267 1601 309 describuntur,
1623 267 1681 304 iri-¹

96 332 213 369 stituta
234 343 330 368 anno
365 341 378 365 x
392 336 483 376 665.
521 332 556 368 ὃς
577 333 670 368 inter
685 329 874 366 anvu
895 341 1003 378 opera
1032 331 1113 376 (e)
1146 328 1263 365 recusa
1282 357 1291 370 ‚
1328 339 1405 363 non
1434 334 1555 363 tamen
1577 327 1678 374 peni-

92 396 150 426 tus
172 390 358 427 manifesto
386 389 623 427 anastomoses
649 390 855 425 arteriarum
885 400 970 425 cum
1001 390 1100 424 venis
1135 386 1292 436 expressa
1315 386 1415 428 sunt,
1445 386 1499 423 uti
1529 384 1678 434 quidem

92 447 130 485 in
158 460 250 486 ranae
275 448 487 487 mesenterio
516 460 563 485 eae
583 446 822 484 anastomoses
853 459 930 483 non
957 447 1136 495 adparent.

518 558 550 600 ς.
593 553 722 592 XXI.
789 553 1073 592 Leeuwenhoeclcii
1096 556 1250 615 luvra.

153 648 320 688 Successit
340 649 476 692 labori,
505 649 541 686 δε
572 660 648 686 rem
667 650 704 686 in
729 648 910 697 liquidum
936 649 1120 686 constituit
1146 650 1231 685 civis
1258 646 1476 696 delphenfis,
1512 649 1593 686 artis
1610 649 1679 699 po⁴¹

78 704 297 747 'liendorum
322 711 500 758 vitrorum
523 712 680 756 gnaros,
714 716 882 745 caeterum
911 708 1093 756 disciplina
1120 708 1259 744 medica
1287 709 1436 744 minime
1465 710 1672 752 innutritus,

90 768 264 805 Antonius
299 780 367 805 van
397 767 428 805 L
448 780 466 804 E
485 779 503 804 E
520 780 544 804 u
560 779 627 804 WE
642 779 667 803 N
682 779 766 804 Hor,
780 779 799 803 c
814 779 847 804 K.
926 766 957 803 Is
986 779 1082 803 anno
1110 768 1258 815 quidem
1294 777 1307 800 1
1322 773 1414 807 680.
1451 766 1543 815 (f)
1583 780 1677 805 non-

91 827 180 864 dum
204 839 310 864 venas
334 829 467 864 arteriis
492 828 695 864 continuari
726 832 900 867 noverat,
934 826 1081 875 illasque
1115 826 1324 874 sanguinem
1357 826 1538 863 resorbere
1569 826 1677 876 scrip-

89 885 196 928 serat,
237 899 347 935 quem
372 887 504 924 arteriae
535 883 745 922 effudissent.
812 884 957 922 Deinde
978 886 1021 922 ab
1048 897 1169 927 anno,
1216 893 1256 921 ut
1276 884 1436 926 videtur,
1474 885 1676 932 1588.1(g)

92 945 127 981 &
154 945 302 993 quidem
336 947 373 982 in
408 947 540 994 gyrino
572 946 731 993 primum
750 972 760 985 ,
798 944 883 981 inde
910 947 945 981 in
977 945 1079 981 variis
1119 943 1330 981 animalibus
1366 943 1553 991 pellucidae
1585 946 1676 982 cutis

89 1003 199 1046 vidit,
229 1004 439 1052 sanguinem
465 1017 484 1041 a
515 1003 625 1041 corde
646 1015 709 1051 per
737 1005 877 1040 arterias
908 1004 952 1040 ad
979 1016 1100 1040 earum
1133 1012 1314 1040 extremos
1343 1002 1457 1044 fines,
1498 1003 1583 1040 hinc
1612 1015 1676 1052 per

89 1074 197 1099 venas
223 1062 267 1100 ad
289 1075 352 1100 cor
373 1065 536 1106 moveri,
567 1069 774 1111 apparatum
806 1064 909 1099 etiam
937 1062 1113 1099 idoneum
1138 1063 1181 1099 ad
1208 1062 1401 1110 repetenda
1429 1064 1676 1110 experimenta

30 1153 35 1157 .
89 1120 276 1170 descripsit.
341 1121 516 1170 Repetam
542 1123 663 1170 paucis
690 1120 826 1158 solertis
850 1122 917 1158 viri
941 1121 1226 1163 observationes,
1261 1120 1321 1158 etfi
1343 1133 1399 1157 eas
1424 1122 1496 1168 jam
1523 1120 1675 1170 tetigisse

88 1179 224 1217 necesse
246 1180 314 1218 fuit
328 1208 337 1223 ,
364 1181 511 1229 quando
536 1180 580 1217 de
598 1181 804 1217 arteriarum
827 1192 911 1217 cum
931 1183 1031 1217 venis
1051 1182 1287 1217 continuitate
1307 1179 1390 1216 dixi.
1458 1178 1567 1228 Ergo,
1590 1193 1676 1218 cnm

87 1238 176 1276 fines
200 1241 406 1276 arteriarum
432 1238 563 1276 infieffi
591 1238 748 1280 videret,
780 1246 819 1276 ut
845 1251 924 1287 pars
951 1239 1101 1281 reflexa,
1129 1251 1208 1288 quae
1241 1250 1340 1276 nunc
1366 1251 1457 1275 vena
1487 1239 1555 1281 est,
1585 1246 1676 1276 arte-

87 1299 146 1335 riae
171 1296 334 1347 parallela
362 1305 579 1339 recurreret,
608 1299 762 1335 omnino
789 1299 895 1334 etiam
921 1297 1131 1347 sanguinem
1163 1297 1276 1340 vidit,
1304 1297 1347 1334 ad
1376 1304 1574 1334 extremam
1593 1310 1675 1335 cau-

88 1357 171 1393 dam
193 1370 256 1407 per
285 1359 449 1395 arteriam
469 1357 643 1400 tendere,
678 1369 814 1406 perque
846 1369 975 1394 venam
1012 1359 1145 1395 arteriae
1176 1358 1424 1394 continuatam
1451 1357 1496 1394 ad
1532 1369 1596 1395 cor
1620 1369 1675 1395 re-

88 1416 164 1453 dire
195 1416 210 1466 (
229 1417 252 1453 h
269 1417 300 1465 ).

147 1475 217 1512 Sed
246 1477 352 1512 etiam
371 1487 512 1513 ramum
539 1474 747 1512 arteriosum
772 1474 886 1523 ipsum
913 1477 950 1512 in
977 1477 1131 1513 vicinam
1159 1486 1287 1512 venam
1317 1475 1408 1513 vidit
1430 1476 1564 1512 inmitti
1592 1473 1630 1515 (i
1640 1474 1670 1521 ),

90 1534 127 1570 &
156 1536 318 1571 arteriam
339 1536 378 1571 in
407 1535 499 1572 duos
527 1540 644 1571 tresve
678 1545 797 1571 ramos
817 1534 951 1578 dividi,
984 1536 1047 1584 qui
1074 1536 1112 1570 in
1132 1536 1276 1571 unicam
1299 1534 1468 1573 venulam
1511 1533 1672 1572 conflue-

87 1601 169 1629 rent
200 1592 220 1640 (
238 1594 260 1629 le
274 1592 300 1639 >.

160 1650 306 1689 Deinde
330 1651 480 1701 paulum
505 1652 575 1690 alio
612 1652 749 1695 modo,
784 1652 827 1689 ab
855 1654 979 1691 arteria
1006 1655 1043 1690 in
1061 1664 1189 1690 venam
1223 1653 1377 1689 vicinam
1407 1652 1443 1688 &
1469 1652 1672 1701 parallelam

81 1709 295 1758 sanguinem
328 1723 392 1759 per
414 1723 534 1749 ramos
566 1713 878 1749 communicantes
904 1712 923 1760 (
945 1712 959 1748 l
973 1712 990 1758 )
1014 1710 1180 1749 tranfiiffe
1207 1711 1428 1748 observavit:
1465 1712 1567 1760 quod
1592 1713 1673 1761 qui-

80 1768 171 1806 edem
193 1768 430 1819 spetiaculum
457 1769 635 1808 difficilius
664 1771 733 1814 est,
768 1771 804 1807 δι’.
834 1769 936 1808 facile
961 1770 1067 1812 fallit,
1097 1783 1182 1809 cum
1207 1770 1352 1809 venulas
1378 1772 1416 1808 in
1439 1778 1514 1808 rete
1544 1771 1673 1820 imple-

947 1838 951 1841 *
1609 1841 1672 1867 xas

125 1919 200 1956 (ἄ)
223 1930 287 1959 pag.
314 1930 364 1961 91.
386 1930 434 1958 9²·

127 1960 141 1995 (
178 1962 192 1997 )
218 1962 297 1997 Oper.
321 1973 398 1991 omn.
428 1971 454 2000 p.
480 1965 548 2000 678.
573 1962 646 2001 seqq.

128 2001 142 2035 (
195 2002 207 2038 )
237 2001 316 2037 Epsss.
349 2011 394 2039 59-
419 2012 446 2039 p-
471 2011 516 2037 15-

128 2040 141 2075 (
152 2040 196 2078 g)
214 2043 400 2078 Experiment.
423 2042 461 2077 (ἐξ
480 2044 654 2078 contemplat.
679 2042 718 2078 ἐξ
738 2044 853 2072 arcanis
871 2049 982 2072 natura
1004 2043 1114 2074 detec7is
1137 2043 1209 2080 episi.
1236 2046 1252 2072 6
1260 2053 1281 2078 ς.
1305 2053 1332 2081 p.
1357 2048 1424 2079 158.
1444 2043 1517 2082 seqq.

128 2081 198 2117 (b)
229 2082 309 2118 Oper.
336 2092 409 2112 omn.
436 2083 550 2112 lutinor.
574 2083 607 2112 T.
630 2082 666 2112 II.
696 2085 883 2119 Experiment.
909 2084 947 2119 ἓξ
972 2086 1149 2121 contemplat.
1176 2084 1256 2121 Epffi.
1279 2087 1326 2119 65.
1360 2094 1387 2121 p.
1419 2088 1482 2113 161.
1512 2083 1530 2113 f,
1554 2084 1588 2114 V.
1617 2084 1664 2115 VI.

86 2120 124 2153 Α.
144 2122 162 2151 f.
185 2122 223 2152 X.
251 2132 278 2160 p.
310 2126 373 2159 ¹⁶3·
401 2123 431 2152 in
453 2123 525 2152 ranis
552 2125 578 2152 &
600 2133 627 2160 p.
649 2127 711 2152 166.
737 2124 765 2152 in
785 2123 946 2160 pisciculis:
969 2123 1055 2154 Porro
1077 2124 1155 2163 Epist.
1182 2129 1231 2161 67.
1257 2134 1282 2161 p.
1309 2133 1372 2161 177.
1396 2124 1415 2154 f.
1432 2124 1452 2154 Ι.
1480 2125 1508 2153 in
1533 2125 1664 2162 anguilla,

108 2173 116 2181 ⁷
134 2173 160 2199 p.
178 2164 244 2198 185.
279 2164 306 2192 in
331 2165 429 2193 troera.
462 2163 573 2193 Deinde
589 2165 616 2192 in
639 2163 762 2202 Epistolis
782 2165 820 2192 ad
845 2167 939 2194 Societ.
969 2167 1082 2202 Regiam
1104 2167 1205 2196 scient.
1235 2166 1308 2195 Brit.
1335 2164 1394 2195 sive
1418 2164 1526 2197 T.111.
1556 2175 1668 2203 operum

85 2212 114 2240 p.
131 2211 177 2242 52.
197 2203 319 2233 &alibi:
343 2204 429 2242 inque
441 2204 537 2234 Tomo
551 2203 604 2234 IV.
633 2205 691 2235 sive
715 2205 844 2243 Epistolis
862 2205 1061 2243 physiologicis
1085 2215 1112 2244 p.
1134 2210 1199 2244 336.

128 2243 439 2280 (i)Epfi.119.f.
464 2255 490 2279 4.

127 2284 196 2320 (k)
220 2284 289 2313 ibid.
315 2284 335 2313 f.
356 2284 376 2313 l.
404 2286 431 2314 &
453 2285 532 2324 Epffl.
557 2288 603 2322 65.
629 2295 656 2324 p.
687 2289 750 2316 161.
776 2286 860 2318 f.V¹.
886 2287 927 2317 A.

127 2325 140 2359 (
158 2326 170 2352 l
181 2325 193 2360 )
215 2324 248 2353 In
269 2325 303 2354 T.
326 2324 359 2354 Π.
384 2326 432 2362 qui
454 2328 650 2362 Experimenm
666 2326 703 2362 f&
718 2329 959 2364 contemplationes
981 2328 1009 2356 in
1032 2326 1147 2358 summis
1165 2327 1243 2365 pagis
1262 2327 1440 2363 inscribitur.
1470 2329 1586 2360 titulum
1599 2340 1666 2360 vero

85 2364 200 2402 praefert
219 2365 401 2394 Aretinorum
426 2373 537 2395 naturae
559 2366 826 2405 detecfz'ormnfpist.
849 2373 894 2397 66.
925 2378 952 2405 p.
973 2374 1036 2403 183.
1066 2374 1128 2404 185.
1154 2368 1172 2398 f.
1194 2378 1236 2403 14.
1256 2378 1299 2403 15.
1330 2368 1372 2398 ¹6.
1400 2379 1443 2407 17.
1476 2371 1554 2399 vario
1569 2372 1662 2401 modo.

87 2405 163 2435 Tum
176 2406 204 2434 in
214 2405 248 2435 T.
273 2405 321 2435 111.
337 2405 392 2435 five
423 2408 548 2444 Epistolis
562 2409 598 2436 ad
612 2410 677 2444 Reg.
699 2409 796 2438 societ.
816 2410 892 2438 Brit.
917 2408 999 2447 Epist.
1023 2418 1089 2439 112.
1115 2411 1141 2439 ὃς
1160 2410 1189 2438 in
1210 2409 1299 2446 figura
1316 2409 1443 2446 adjecta,
1467 2412 1497 2439 in
1516 2413 1596 2447 cujus
1624 2413 1668 2440 in-

87 2453 255 2516 gentefarea
281 2447 307 2475 ὃς
333 2448 409 2483 prior
429 2449 532 2479 modus
556 2449 690 2479 circuitus
709 2448 853 2488 sanguinei
866 2450 1054 2488 exprimitur,
1077 2452 1103 2480 Sc
1117 2450 1185 2487 iste,
1209 2459 1293 2488 quem
1305 2460 1382 2480 nunc
1394 2451 1478 2488 dico,
1494 2454 1519 2482 ἃ
1541 2453 1571 2482 in
1584 2451 1665 2490 Epist·

87 2491 156 2520 ΠΒ·
197 2507 201 2516 ι
223 2495 249 2524 3·
269 2493 295 2523 Ρ,
319 2495 384 2520 220.
1407 2497 1414 2504 =

998 2533 1102 2578 Gga
