2003 2748
440 123 1232 177 SECT.I.AR'TER1AEL
1597 135 1662 183 „a

53 240 105 271 ter
117 231 162 270 H
176 245 188 269 1
203 245 221 270 P
235 243 254 270 Ρ
266 244 289 270 0
306 245 325 269 c
340 245 359 270 n
372 245 393 270 A
407 245 430 269 T
449 245 461 269 1
475 245 490 269 s
550 245 659 282 opera
683 233 809 270 locum
831 240 980 276 tenent,
1018 235 1053 271 &
1086 236 1294 271 arteriarum
1324 246 1460 272 nomeu
1483 236 1616 274 habent
1633 267 1642 279 ‚

50 292 130 330 satis
149 300 249 330 certo
278 304 346 342 pro
365 291 594 341 supposititiis
621 292 824 329 habeamus.
863 292 1004 330 Primus
1030 295 1126 330 enim
1152 292 1180 332 E
1193 307 1214 330 n
1228 306 1249 330 A
1261 306 1299 331 si
1317 308 1331 332 s
1344 307 1367 331 T
1382 308 1403 332 a
1421 307 1442 331 A
1457 307 1481 332 T
1495 307 1515 332 u
1530 310 1543 333 s
1580 297 1647 346 spi-

52 353 162 390 ritum
188 353 226 389 in
248 351 357 394 vasis,
392 352 436 388 de
461 351 591 400 quibus
621 351 738 388 sermo
768 350 838 393 est,
868 354 1047 389 contineri
1067 352 1220 402 scripsit,
1240 366 1416 403 novoque
1430 366 1470 392 ut
1489 356 1643 398 videtur,

52 413 195 449 nomini
229 411 345 448 ansam
381 410 487 447 dedit.
536 409 567 449 A
579 424 601 448 R
615 422 627 446 1
641 424 655 447 s
668 423 692 447 T
706 423 729 447 o
743 423 766 447 T
780 422 799 447 Ε
814 422 835 446 L
848 423 867 448 E
881 425 895 449 s
927 412 1094 461 equidem
1133 420 1270 451 aortam
1303 414 1388 461 (p)
1412 414 1502 453 dixit
1517 443 1529 461 ,
1567 428 1647 465 qnae

53 473 160 508 etiam
184 483 282 508 nunc
313 471 385 507 hoc
404 470 556 507 nomine
590 471 708 513 venit,
738 471 774 508 ὃς
799 478 980 509 aci-tarum
1006 484 1144 509 nomen
1171 473 1379 511 universum
1416 486 1484 523 pro
1510 477 1645 512 arteriis

49 530 164 579 ¹vulgo
186 536 371 578 receptum
397 528 465 567 fuit
499 529 584 576 (q).

110 588 284 626 Paulatim
313 589 509 626 accuratius
529 587 633 638 loqui
657 589 869 627 didicerunt.
920 589 948 629 A
964 603 986 628 R
998 603 1018 627 L
1032 603 1097 629 T.AE
1111 604 1133 628 U
1146 605 1160 629 s
1192 594 1332 630 arterias
1348 592 1524 641 pulsantes
1546 601 1644 633 retro

49 659 150 686 aures
175 647 286 690 dixit,
326 660 412 697 quas
442 648 556 686 secare
576 649 678 696 jubet
702 648 788 697 (r).
844 649 902 687 PL
916 662 928 686 1
943 662 966 687 N
983 663 995 687 1
1011 663 1060 688 us
1088 651 1259 701 equidem
1278 654 1428 702 antiquo
1450 665 1554 691 more
1584 667 1645 692 ve-

49 719 178 745 narum
200 706 402 757 percussum
428 720 496 757 pro
522 707 625 757 pulsu
643 708 776 757 scripfit
810 707 900 759 (s),
928 710 1011 747 alibi
1041 717 1161 749 tamen
1182 714 1324 749 arterias
1357 715 1526 756 vocavit,
1565 726 1644 764 quae

48 766 210 815 spiritum
236 767 367 805 vehant
387 770 428 816 (t
441 766 457 817 )
470 796 479 810 ,
514 769 550 805 &
575 780 728 817 quarum
766 769 885 818 pulsus
900 768 965 807 HE
981 783 1000 807 R
1014 783 1038 807 o
1052 783 1131 808 PHI
1147 783 1167 807 L
1183 783 1202 808 υ
1217 784 1231 808 s
1255 771 1433 810 subtiliter
1453 772 1640 821 exposuit,

49 827 86 862 &
117 826 187 864 alio
216 827 301 864 loco
326 827 449 865 denuo
474 827 590 865 iliacas
617 829 758 865 arterias
788 829 978 878 appellavit
1008 830 1103 877 (u).
1150 830 1183 868 G
1198 843 1256 867 AL
1273 843 1291 868 E
1307 843 1331 867 N
1346 843 1396 868 us
1428 844 1567 869 nomen
1591 845 1645 870 ar-

48 888 218 924 teriarum
251 889 446 925 accuratius
470 886 692 925 conservavit
708 915 717 930 ‚
749 888 785 924 &
800 888 828 926 A
843 900 864 924 υ
879 901 899 925 L
914 901 926 925 1
939 888 998 927 -G
1011 900 1031 925 E
1045 902 1066 926 L
1080 902 1101 926 L
1115 902 1127 926 1
1144 902 1156 926 1
1176 896 1343 939 tempore
1368 891 1530 929 medicus
1542 919 1552 934 ,
1581 894 1645 941 qui

49 958 154 983 venas
180 946 315 995 pulsare
340 947 496 989 dixerat,
533 947 643 985 risum
667 949 786 984 movit
810 946 913 998 (x),
947 949 1135 997 peritiores
1162 952 1260 986 enim
1286 951 1495 988 arteriarum
1521 952 1646 988 nomi-
1710 1002 1713 1004 Ὗ

47 1016 95 1055 ne
124 1006 324 1044 utebantur.
365 1006 477 1044 Nunc
498 1006 628 1057 absque
646 1006 889 1045 controversia
907 1009 1078 1051 nomina,
1106 1015 1148 1048 ut
1165 1021 1220 1047 res
1240 1008 1345 1059 ipsae,
1371 1009 1525 1059 separata
1548 1009 1649 1049 sunt..

568 1120 600 1162 §.
626 1114 687 1152 ΙΙ.
744 1115 852 1154 Senio
876 1114 921 1163 est
953 1116 1112 1156 circulus&

92 1222 291 1262 “Omnibus
317 1225 354 1261 in
375 1236 530 1274 corpore
557 1224 701 1262 animali
722 1227 857 1263 arteriis
890 1236 1089 1263 commune
1119 1227 1188 1269 est,
1222 1228 1330 1264 tubos
1355 1227 1448 1270 effe,
1482 1241 1650 1278 quorum:-

44 1283 149 1321 festio
174 1283 327 1321 circulus
353 1282 402 1321 fit.
458 1284 547 1321 Non
572 1284 657 1321 ideo
685 1283 923 1327 crediderim,
956 1285 1049 1322 recte
1070 1285 1113 1323 ab
1141 1287 1306 1335 aequabili
1338 1286 1537 1335 preffione,
1563 1301 1650 1338 quae‘

45 1342 89 1380 ad
110 1340 411 1392 perpendiculum
438 1343 600 1394 undique
617 1345 655 1380 in
672 1343 779 1382 latera
796 1346 951 1387 nitatur,
983 1344 1077 1382 hanc
1096 1344 1243 1383 luminis
1259 1347 1466 1384 arteriarum
1487 1347 1648 1396 figuram.

46 1402 178 1440 deduci
211 1402 297 1450 (y).
344 1402 383 1440 ld
403 1404 501 1440 enim
536 1404 723 1441 theorema
751 1406 857 1443 unice
872 1403 1003 1441 -locum
1029 1404 1137 1441 habet
1166 1406 1204 1442 in
1226 1406 1342 1448 tubo,
1389 1407 1490 1454 cujus
1516 1407 1646 1445 eadem

45 1461 207 1510 undique
233 1461 378 1499 firmitas
404 1461 468 1505 fit,
499 1463 535 1500 &
562 1475 672 1512 quem
699 1464 797 1501 nulla
821 1471 969 1501 externa
998 1463 1097 1501 causa
1127 1474 1236 1512 cogat
1263 1464 1380 1514 aliqua
1401 1467 1439 1502 in
1462 1465 1543 1504 sede
1567 1479 1649 1515 ma-¹

45 1522 101 1569 gis
126 1521 252 1557 cedere
273 1549 282 1563 ‚
305 1523 343 1557 in
362 1521 427 1559 alia
453 1523 574 1560 minus
592 1551 601 1565 ,
634 1524 736 1570 cujus
748 1523 839 1560 adeo
854 1522 1079 1560 extensiones
1097 1535 1163 1571 pro
1180 1536 1280 1572 aeque
1302 1524 1423 1572 longis
1445 1524 1546 1563 lineis
1559 1538 1645 1575 per-

44 1579 335 1628 pendi-cularibus
346 1579 468 1618 haberi
484 1579 650 1629 possunt,
673 1582 711 1618 in
730 1594 879 1619 omnem
899 1582 1075 1619 ambitum
1093 1583 1291 1620 nitentibus
1309 1610 1318 1625 ‚
1348 1595 1365 1620 a
1379 1595 1531 1632 quarum
1547 1584 1647 1634 pres-

44 1638 145 1675 fione
162 1640 287 1688 utique
306 1650 413 1676 curva
439 1639 531 1676 linea
547 1640 699 1677 nascitur
717 1669 727 1683 ,
755 1653 834 1689 quae
855 1640 1009 1678 circulus
1040 1650 1197 1678 vocatur.
1249 1640 1285 1678 Si
1304 1653 1392 1679 vero
1415 1642 1532 1692 aliqua
1560 1656 1647 1693 pars¹

43 1700 178 1735 arteriae
205 1697 343 1735 firmior
362 1698 477 1741 foret,
507 1699 542 1736 &
579 1698 743 1747 sanguini
775 1701 889 1748 magis
913 1698 1107 1742 resisteret,
1147 1699 1217 1738 five
1239 1700 1340 1750 quod
1361 1700 1404 1738 ab
1433 1702 1508 1739 aliis
1530 1702 1647 1742 causis

43 1765 288 1807 premeretur,
316 1758 487 1808 exemplo
520 1766 627 1796 aortae
649 1760 686 1796 in
704 1759 840 1797 lumbis
862 1760 898 1797 ἂ
928 1760 1096 1810 pectore,
1141 1758 1211 1798 five
1240 1760 1342 1810 quod
1371 1760 1434 1799 alia
1463 1770 1564 1811 parte
1587 1763 1645 1801 sui

1588 1822 1641 1860 fa·

86 1958 149 1997 (p)
173 1958 274 1999 Hg‘llor.
306 1962 395 1992 anim.
418 1959 478 1990 Lib.
503 1959 553 1991 ΙΙΙ.
570 1970 593 1991 c.
620 1969 644 1997 3.
669 1962 721 1991 &c
757 1962 873 1993 Nomen
905 1967 1000 1992 tamen
1023 1963 1082 2000 jam
1113 1967 1259 2000 receptum
1282 1963 1407 1999 reperit,
1437 1963 1464 1992 &
1488 1964 1638 1992 nonmdlos

42 2000 157 2040 harpam
175 2011 271 2030 vocare
286 2001 387 2032 scribit.
422 2001 489 2030 Non
511 2011 577 2039 ergo
604 2002 711 2039 primus
737 2012 771 2032 eo
800 2004 917 2033 nomine
942 2002 1006 2033 usus
1030 2003 1089 2039 est,
1114 2009 1145 2033 ut
1168 2013 1203 2033 ex
1226 2002 1329 2035 Rurr
1357 2003 1477 2034 vodbus
1503 2005 1530 2034 Sc
1567 2005 1591 2034 G
1606 2015 1639 2040 ,aff

45 2050 92 2070 ως
107 2050 150 2071 Νι
179 2042 215 2071 de
237 2040 337 2081 ἅψεα.
359 2048 445 2070 arter.
470 2052 493 2071 c.
520 2053 543 2072 1.
571 2042 658 2079 vulgo
683 2043 873 2075 concluditur.

86 2081 150 2118 (q)
178 2082 203 2111 R
222 2092 241 2111 U
255 2093 268 2111 F
287 2092 305 2112 υ
321 2092 333 2112 s
357 2082 372 2111 l.
402 2092 425 2112 c.
452 2083 737 2120 Anus-roT.degener.
755 2087 843 2115 anim.
869 2084 899 2115 L.
915 2084 953 2114 II.
969 2093 992 2115 c.
1020 2093 1048 2123 4,

84 2124 146 2160 (r)
174 2126 217 2152 De
234 2129 325 2153 curat.
348 2124 436 2153 morh.
465 2125 597 2154 diuitum.
629 2123 690 2154 Lib.
716 2125 737 2156 l.
767 2135 790 2155 c.
808 2136 834 2155 2.

84 2164 151 2200 (s)
186 2163 249 2194 Lib.
276 2164 340 2195 Vll.
370 2174 394 2194 c.
423 2174 469 2200 51-

85 2205 150 2241 (t)
178 2203 239 2235 Lib.
269 2203 322 2235 XL
357 2216 383 2244 p.
407 2207 474 2244 633.

59 2243 152 2283 ssu)
179 2246 251 2276 lbid.
279 2256 306 2284 p.
336 2250 403 2284 631.

84 2287 156 2324 (κ)
183 2285 262 2317 Νοὸὶ.
286 2287 379 2317 Attio.
408 2288 469 2318 Lib.
505 2286 616 2319 XVIII.
651 2298 673 2320 c.
700 2298 744 2322 ιο,
1599 2316 1605 2328 ›,

86 2327 160 2365 (y)
181 2327 223 2357 lta
245 2327 304 2358 fere
327 2327 520 2359 mathematici
541 2330 646 2360 docent
676 2330 702 2360 H
716 2342 730 2361 n
748 2342 764 2362 a
782 2343 805 2362 M
823 2341 842 2362 A
861 2340 920 2362 ΝΗ
937 2340 958 2361 U
976 2341 988 2362 ε
1014 2331 1041 2361 in
1065 2331 1232 2363 Phoronom.
1261 2331 1322 2362 lib.
1357 2331 1394 2362 ΙΙ.
1423 2341 1451 2370 p.
1477 2334 1543 2368 164.
1565 2334 1633 2372 Joh.

42 2370 67 2401 B
80 2379 93 2399 s
107 2378 124 2397 R
141 2377 162 2397 N
175 2378 193 2398 o
206 2378 226 2398 u
244 2380 260 2400 L
276 2380 294 2398 L
310 2380 320 2399 1
345 2371 379 2399 de
404 2376 483 2400 motu
507 2369 624 2410 muscul.
650 2381 677 2402 n.
706 2382 751 2403 10.
780 2372 811 2403 P.
834 2374 910 2404 Ant.
937 2372 971 2403 M
987 2384 998 2403 1
1014 2383 1032 2403 c
1044 2384 1065 2403 n
1080 2383 1094 2403 Ε
1111 2385 1128 2402 L
1144 2383 1161 2403 o
1176 2383 1195 2403 T
1210 2383 1231 2403 ‘r
1246 2385 1256 2403 1
1285 2375 1317 2402 de
1331 2370 1456 2411 separat.
1474 2375 1587 2410 fluidor.
1605 2385 1632 2411 p.

40 2416 94 2450 ¹58-
121 2408 177 2447 sqq.
196 2411 262 2447 Jac.
279 2409 306 2445 K
321 2421 336 2442 E
350 2422 361 2443 1
375 2422 393 2442 L
416 2411 449 2443 de
461 2408 560 2452 ficret.
586 2414 674 2446 anim.
699 2423 726 2453 p.
749 2422 818 2455 ¹²7-
842 2415 898 2447 Oa
914 2423 1000 2447 ιον.
1030 2415 1063 2446 de
1089 2420 1169 2449 motu
1185 2412 1322 2455 sanguin.
1340 2417 1372 2445 in
1386 2412 1470 2445 ανῖεν.
1499 2414 1537 2451 ⁶&
1559 2417 1636 2445 venis

43 2460 72 2489 ρ.
92 2461 117 2490 ς.
133 2449 195 2488 &c-
