2003 2748
442 144 648 210 SECTL
682 143 786 184 III.
852 142 1354 184 LYMPHATICA·
1607 154 1685 191 159

58 236 60 239 ¹
90 246 191 287 hunc
241 243 454 292 scriptorem
484 243 631 291 vestigia
671 240 963 278 Vnsmuou
1000 238 1187 282 secutum,
1228 238 1406 278 ostensam
1446 236 1560 286 sagaci
1600 241 1680 276 viro

90 305 248 354 praedam
265 331 274 346 ,
320 304 449 350 majori
474 302 649 342 felicitate¹
665 297 835 347 adtigisse.

149 364 334 411 johannes
357 362 520 400 WALAE
533 373 555 396 υ
571 373 586 396 s
619 357 634 410 (
655 358 700 404 l)
717 387 726 402 ‚
763 357 790 396 B
805 369 827 393 A
841 370 863 394 a
875 369 899 394 T
913 369 938 394 rr
951 370 974 394 o
989 369 1009 394 L
1024 369 1037 393 1
1054 368 1079 393 N
1094 369 1107 393 1
1139 357 1227 394 alter
1246 363 1448 406 praeceptor
1464 384 1474 400 ,
1512 356 1588 394 vasa
1613 357 1682 394 lac-

90 431 149 463 tea
164 423 272 464 dicit,
302 423 340 458 in
365 431 494 458 venam
519 422 705 468 porcarum
721 445 731 460 ,
773 418 884 465 inque
910 428 1039 454 venam
1054 428 1176 454 cavam
1198 427 1314 465 prope
1337 416 1472 455 renales
1499 428 1608 454 venas
1629 418 1684 453 in-

90 483 204 524 serta,
244 482 377 518 iterum
406 479 450 516 de
477 477 706 527 lymphaticis
722 476 868 517 vasculis
899 475 1042 513 locutus
1058 503 1067 518 ,
1115 488 1194 525 quae
1216 475 1374 518 viderat,
1409 475 1471 512 etii
1497 475 1594 525 ipse,
1636 478 1684 514 ex

91 540 319 591 praejudiczita
334 539 509 586 opinione
524 564 534 579 ,
569 535 674 573 lactea
690 535 765 572 vasa
786 534 830 576 ad
844 534 961 573 solum
975 534 1084 583 hepar
1105 537 1155 572 ire
1176 534 1349 571 docuerat
1377 534 1397 582 (
1412 547 1448 571 m
1467 535 1499 583 ).

152 598 336 646 Johannes
362 609 430 635 van
450 595 488 633 H
500 608 523 633 ο
536 608 560 632 R
572 607 597 632 N
611 606 630 635 ,Ε
646 623 656 637 ,
690 596 858 643 egregius
874 621 884 636 ‚
919 595 955 630 &
974 594 1080 631 laude
1093 622 1101 636 ,
1136 605 1245 643 quam
1268 593 1480 631 consecutus
1498 593 1547 630 est
1563 607 1572 635 3
1607 606 1683 631 ma-

93 659 151 706 3’0r
177 657 401 694 anatomicus
425 654 532 706 (n),
570 653 729 691 ramulos
750 666 769 691 a
798 652 966 702 glandula
996 653 1205 691 Asx-:Ler
1238 652 1281 689 ad
1309 652 1417 702 hepar
1440 659 1565 690 euntes
1591 653 1682 689 vidit

92 718 113 764 (
130 728 147 753 o
166 716 184 764 )
201 728 209 753 z
244 716 280 753 δε
302 715 431 752 laeleos
453 714 578 757 duetus
598 725 727 751 venam
747 722 934 762 portarum
951 714 1138 761 cingentes
1155 741 1164 754 ,
1200 712 1312 760 inque
1340 712 1436 761 chyli
1457 712 1604 753 ductum
1623 724 1683 748 ve*

93 777 242 817 nientes.
267 777 284 823 (
296 775 384 822 p),
419 773 457 810 &
481 773 575 810 duos
598 784 718 811 ramos
746 771 791 809 ad
822 770 1035 809 divisionem
1066 783 1175 809 aortae
1203 782 1320 819 prope
1352 772 1504 809 crurales
1533 780 1683 808 truncos

93 834 186 872 dixit
211 836 228 882 (
242 846 262 881 q
280 841 303 882 ).
347 832 413 871 His
439 832 592 870 vocibus
620 831 742 873 nihil,
782 830 846 869 uifi
867 830 938 879 ipsa
968 831 1042 868 vasa
1069 830 1288 880 lymphatica
1317 829 1509 878 designasse
1535 832 1680 878 potuit,

93 892 182 937 etsi,
227 904 298 942 qua
323 891 492 940 fingulari
518 891 586 928 fuit
614 889 788 928 modestia
803 918 814 932 ‚
851 901 891 927 ea
921 888 997 927 vasa
1025 892 1186 938 primum
1218 890 1262 925 ab
1292 889 1380 926 Olao
1404 888 1437 926 R
1453 901 1473 926 υ
1489 900 1640 926 DBEKI
1659 899 1681 924 ο

93 951 160 993 fibi
186 951 319 990 ostensa
343 950 443 988 fuisse
458 979 467 992 ‚
505 950 631 999 sponte
653 948 755 987 faffus
783 949 832 991 est
860 950 877 995 (
896 948 962 994 r).

154 1011 383 1048 Hermannus
413 1009 444 1047 C
459 1021 482 1046 o
495 1021 520 1046 N
534 1022 556 1047 R
571 1021 585 1045 1
600 1021 624 1045 u
639 1020 664 1044 G
677 1020 690 1044 1
704 1021 726 1045 u
739 1021 753 1044 s
765 1036 774 1051 ‚
812 1007 880 1045 Vir
899 1007 1104 1045 eruditione
1130 1007 1279 1057 quidem
1293 1035 1303 1050 ‚
1337 1019 1382 1044 ex
1396 1007 1495 1044 libris
1511 1005 1654 1044 collecta
1667 1033 1678 1049 ‚

95 1082 207 1120 quam
224 1080 269 1106 ex
280 1080 406 1106 manus
419 1067 558 1105 solertia
575 1067 751 1105 celebrior
762 1095 771 1109 ,
791 1073 911 1104 tamen
926 1065 1004 1104 vasa
1022 1067 1138 1116 aliqua
1154 1079 1218 1115 per
1231 1078 1359 1104 venam
1372 1078 1494 1104 cavam
1509 1064 1618 1115 sparsa
1631 1067 1685 1102 vi-

98 1130 153 1171 dit
168 1158 178 1172 ‚
209 1140 287 1177 quae
300 1128 344 1164 ad
362 1127 598 1176 lymphatica,
615 1126 784 1167 nondum
797 1125 977 1174 publicata
993 1153 1002 1167 ‚
1032 1123 1209 1174 pertinere
1225 1126 1402 1165 videntur.

156 1187 264 1224 Addo
292 1186 336 1223 ad
363 1186 430 1223 hos
456 1197 570 1222 anuos
596 1184 648 1222 Cl.
679 1186 801 1226 viros,
841 1186 904 1233 qui
931 1184 987 1221 vel
1018 1183 1082 1221 fibi
1103 1184 1248 1222 laudem
1273 1185 1496 1222 detectorum
1517 1184 1685 1221 vasorum

94 1244 364 1302 pellucidorum
390 1243 455 1293 ipfi
476 1244 726 1286 vindicarunt,
765 1242 823 1280 vel
845 1243 888 1280 ab
903 1242 976 1279 aliis
1002 1244 1040 1279 iu
1066 1242 1100 1282 se
1126 1243 1292 1281 collatam
1313 1243 1522 1281 retulerunt
1558 1242 1609 1280 Ita
1626 1240 1680 1279 Cl.
1697 1249 1711 1263 ·

96 1304 152 1355 Jo
168 1317 187 1342 L
201 1316 223 1341 Y
236 1316 256 1340 r
268 1316 287 1341 F
299 1315 318 1340 ε
346 1302 486 1352 Anglus
505 1302 692 1345 medicus,
733 1313 844 1351 quem
866 1301 979 1350 vulgo
1002 1300 1058 1350 Jo
1072 1314 1092 1338 L
1107 1314 1119 1338 1
1135 1314 1159 1338 v
1174 1314 1186 1338 1
1201 1314 1222 1338 υ
1238 1314 1267 1338 Μ
1297 1309 1452 1344 vocant,
1489 1301 1580 1338 nihil
1608 1302 1686 1349 qui-

99 1365 183 1407 dem
209 1363 381 1412 scriptum
406 1362 558 1411 reliquit.
594 1360 746 1399 Plurimi
777 1369 898 1405 tamen
929 1360 1088 1408 ejusdem
1111 1363 1230 1409 gentis
1255 1361 1464 1409 scriptores,
1499 1360 1584 1397 huic
1607 1361 1685 1396 viro

30 1443 35 1445 ·
68 1457 78 1474 ,Δ
98 1422 254 1472 gloriam
272 1450 282 1464 ‚
324 1421 419 1459 felici
440 1421 519 1459 casu
544 1432 641 1458 auno
672 1432 686 1455 1
700 1427 722 1456 6
732 1431 792 1465 50.
812 1420 1366 1470 inventorumlymphaticorum
1386 1420 1571 1463 vasorum,
1600 1430 1688 1457 una-

99 1483 191 1523 nimi
216 1481 423 1521 testimonio
452 1480 543 1528 (s)
571 1480 784 1517 tribuerunt.

160 1539 250 1576 Inde
283 1538 488 1587 Franczfcus
515 1538 642 1575 SYLv
658 1550 734 1575 rus
764 1539 803 1575 a'e
830 1536 860 1574 Ie
883 1537 945 1575 Bo
960 1549 979 1573 Ε
996 1565 1004 1580 ,
1040 1539 1076 1578 in
1106 1537 1338 1575 cadaveribus
1365 1536 1561 1575 hominum
1590 1548 1690 1574 mor-

101 1599 155 1635 bis
179 1598 436 1636 exstinstorum
460 1595 651 1635 indefessus
676 1597 856 1646 proseOEior
873 1624 883 1638 ‚
920 1609 1017 1633 anno
1049 1602 1168 1634 1660.
1204 1594 1284 1647 (t)
1318 1596 1472 1646 scripsit,
1515 1595 1579 1633 fibi
1606 1603 1688 1633 aute

101 1658 171 1695 hos
196 1658 326 1704 viginti
351 1669 466 1694 annos
483 1684 492 1698 ‚
535 1663 643 1705 atque
667 1656 758 1693 adeo
785 1667 883 1692 anno
918 1661 1027 1701 1640
1042 1684 1052 1698 ,
1086 1655 1162 1693 vasa
1182 1655 1400 1704 lymphatica
1427 1656 1587 1704 hepatis,
1628 1653 1689 1691 fla..

101 1727 151 1762 {zo
173 1715 297 1754 colore
317 1715 424 1760 tincta
447 1714 517 1757 visa
536 1714 612 1759 effe.
647 1713 757 1758 Possis
772 1715 812 1752 in
834 1714 887 1759 Cl.
916 1716 984 1753 viri
1008 1714 1216 1754 testimonio
1233 1714 1431 1753 desiderare
1445 1743 1455 1758 ‚
1491 1713 1595 1764 quod
1613 1720 1689 1751 tan-

1617 1806 1622 1815 ,
1663 1773 1692 1810 ti

103 1928 106 1931 .
143 1891 221 1928 (Ι)
244 1890 326 1929 Apud
348 1890 370 1921 B
383 1901 434 1923 AR
445 1899 467 1920 ’r
480 1899 503 1921 Η
517 1900 534 1921 ο
548 1901 565 1920 L
577 1900 587 1919 ι
595 1900 621 1920 n
633 1900 653 1920 u
666 1901 693 1920 M
717 1892 749 1919 in
773 1888 865 1921 Ιαὶἕευ
878 1889 1028 1919 thoracicis
1056 1900 1083 1929 p.
1100 1895 1148 1928 43

146 1932 224 1968 (m)
243 1930 378 2000 Εἷς.
351 1933 385 1962 de
405 1938 486 1962 motu
500 1931 573 1969 chyh
597 1929 795 1970 &sanguinis
818 1940 884 1961 ann.
914 1935 1001 1968 164¹·
1028 1931 1086 1962 dat.
1111 1942 1139 1970 p.
1170 1936 1246 1969 387..
1270 1930 1362 1961 Etiam
1394 1929 1470 1960 hanc
1493 1929 1576 1961 ΒΑιι
1590 1937 1645 1957 *ru
1659 1936 1690 1957 o-

100 1981 125 2002 ι.
137 1982 148 2001 1
161 1981 180 2000 N
194 1982 212 2002 u
223 1981 234 2001 s
256 1981 272 2000 e
295 1982 301 2000 ι
325 1972 355 2002 it.

137 2013 161 2048 <
177 2023 198 2041 n
214 2014 226 2043 δ
249 2012 287 2041 Ut
304 2021 338 2041 ex
355 2011 504 2049 pcfflhumis
519 2011 628 2042 tabulis
648 2013 783 2052 adparet,
808 2022 877 2050 quas
891 2013 967 2047 apud
986 2013 1007 2042 B
1018 2020 1035 2039 o
1047 2023 1062 2042 E
1075 2021 1092 2041 n
1105 2022 1128 2042 H
1142 2023 1162 2042 A
1177 2021 1195 2040 A
1208 2021 1226 2042 v
1241 2022 1252 2041 1
1265 2020 1288 2042 U
1299 2022 1321 2042 M
1348 2010 1527 2042 conservatas
1541 2009 1619 2041 miris
1635 2009 1693 2040 lau-

105 2042 190 2084 dibus
212 2052 267 2081 sole
270 2052 317 2080 bur
335 2053 537 2083 commendare
555 2053 686 2090 possessor
706 2054 809 2082 Comes
833 2054 868 2082 de
888 2053 914 2082 T
928 2063 948 2082 H
963 2063 980 2083 o
992 2065 1013 2083 M
1026 2064 1048 2083 s.

147 2100 161 2128 t
181 2103 195 2121 ο
217 2097 224 2124 )
245 2092 286 2162 ll?
291 2088 417 2162 dlzstoria
436 2091 537 2123 duam
558 2092 686 2132 chyliferi
706 2094 745 2125 Le
750 2093 817 2131 ida:
831 2097 916 2130 1652.
944 2103 973 2129 4.
997 2094 1092 2129 edita,
1119 2101 1150 2131 p.
1169 2098 1198 2127 8.

148 2135 193 2170 (Ρ
213 2138 223 2169 )
281 2143 287 2162 ¹
350 2143 369 2172 Ρ
407 2144 448 2170 ¹4

178 2176 224 2213 q)
249 2174 335 2211 Apud
360 2174 395 2204 T.
427 2175 609 2205 Burrio
625 2185 661 2204 ιι
677 2184 763 2204 Nun
786 2176 818 2203 in
841 2173 932 2203 lac'leis
958 2175 1110 2207 ‚thoracicis
1138 2172 1240 2204 C.V1.
1265 2183 1294 2213 p.
1319 2182 1367 2205 2¹.

149 2216 163 2251 (
180 2226 195 2244 r
212 2216 223 2249 )
248 2214 274 2244 R
288 2224 305 2244 υ
317 2225 337 2244 r>
350 2226 366 2245 n
380 2225 394 2245 ε
408 2225 429 2245 κ
452 2215 529 2254 instd.
544 2215 645 2253 straet.
665 2215 796 2246 duc'lihur
819 2216 924 2252 hepatis
940 2214 1047 2254 aquqsx‘s
1073 2225 1100 2252 p.
1126 2221 1136 2240 ¹
1143 2224 1191 2251 47.

149 2256 163 2292 (
180 2267 192 2285 s
214 2257 226 2293 )
252 2255 376 2285 Thomas
400 2256 444 2286 W
458 2266 479 2286 Η
495 2267 515 2288 A
529 2267 546 2286 ι
560 2267 579 2286 τ
590 2267 609 2288 ,ο
621 2267 642 2286 Ν
667 2257 852 2294 adenograpb.
881 2255 981 2286 C.11.
1008 2265 1034 2293 p.
1068 2261 1114 2292 98.
1144 2253 1311 2294 Frarzcfius
1333 2255 1358 2285 G
1370 2266 1386 2284 1.
1400 2265 1412 2284 r
1423 2264 1436 2284 s
1447 2265 1458 2284 s
1471 2264 1487 2284 o
1499 2264 1522 2284 N
1545 2255 1578 2284 de
1601 2255 1697 2292 hepate

109 2307 211 2334 c.-31.
243 2306 269 2330 ρ.
299 2300 365 2326 266.
391 2298 530 2327 Gualtber
547 2294 573 2327 C
583 2304 638 2327 ΗΑ
653 2307 669 2326 n
685 2309 702 2326 ι.
715 2308 729 2327 Β
742 2307 790 2328 το
802 2307 824 2327 N
851 2298 880 2326 in
898 2298 1002 2325 exercit
1029 2297 1062 2325 de
1077 2297 1190 2333 lympha
1216 2297 1353 2326 a'uc7ihu5.
1383 2298 1522 2325 Rolvertus
1547 2297 1566 2326 P
1581 2307 1597 2324 L
1609 2307 1625 2325 o
1640 2306 1659 2324 T
1673 2305 1693 2324 τ

109 2340 141 2368 in
168 2337 288 2366 natural
311 2337 413 2375 hfflory
435 2336 470 2374 os
487 2337 670 2375 Oxsordshire
690 2348 716 2374 p.
747 2348 811 2376 315.
836 2338 871 2368 T.
899 2338 973 2368 Wo
986 2347 1006 2366 τ
1018 2346 1038 2366 τ
1051 2346 1068 2366 o
1083 2347 1103 2366 N
1130 2335 1287 2374 ofantient
1304 2338 1364 2367 and
1379 2338 1495 2366 modern
1511 2337 1646 2375 learning.
1667 2343 1695 2372 p.

112 2388 182 2415 229·
209 2378 283 2408 Κοίι.Α
302 2378 351 2408 Βυ
364 2390 371 2407 ι
385 2388 436 2408 με»
451 2379 484 2408 de
508 2381 596 2408 utilit.
623 2377 718 2417 philost
738 2388 825 2416 exper.
846 2388 872 2416 p.
899 2384 947 2415 98.
964 2379 1023 2406 edit
1044 2379 1170 2410 Lindav.

154 2420 168 2456 ζ
190 2420 232 2457 t)
257 2419 290 2449 ln
316 2419 375 2453 diff.
403 2419 463 2452 Vll.
490 2421 523 2450 de
536 2422 593 2453 hile
615 2420 655 2456 &²
675 2420 774 2459 hepate
789 2430 823 2450 eo
846 2429 922 2450 anno
950 2419 1034 2453 edita.

148 2175 162 2209 Α
