2003 2748
495 126 803 167 SECDJ.
867 126 1282 167 ARTERIAE.
1604 138 1651 175 81

71 226 136 277 plo
157 254 166 269 ,
203 223 321 275 potest
346 223 489 273 globuli
510 224 682 262 diameter
705 236 774 274 pro
794 223 970 261 diametro
995 222 1124 261 vasculi
1145 222 1292 266 haberi,
1331 222 1432 273 quod
1449 223 1588 274 replet,
1619 228 1656 264 &

71 287 229 324 metitur.
265 282 339 322 Erit
359 296 448 332 ergo
475 286 593 321 trunci
615 284 786 333 diameter
810 291 851 320 ut
880 291 914 318 2.
944 282 1081 319 summa
1106 282 1364 320 diametrorum
1388 295 1573 322 ramorum
1596 298 1655 334 pa.

72 347 209 383 riterut
221 344 315 386 duo,
337 343 558 380 lumenvero
573 351 693 380 trunci
705 349 792 387 ut4
814 342 952 380 summa
968 341 1149 378 luminum
1163 353 1347 380 ramorum
1362 350 1400 380 ut
1416 343 1509 381 duo
1531 343 1657 383 lumen

73 416 164 452 ergo
188 404 307 442 trunci
333 402 484 450 duplum
508 401 655 439 luminis
674 413 869 439 ramorum.
902 400 1014 438 Nunc
1036 400 1062 437 fi
1085 413 1183 438 venae
1202 402 1282 439 duae
1306 403 1412 440 unius
1436 402 1579 450 globuli
1602 416 1657 442 ca-

72 474 177 514 paces
194 465 232 500 in
247 473 357 499 unam
373 461 489 510 duplae
509 447 673 498 diametri
686 473 813 497 venam
847 460 1062 502 confluunt,
1094 461 1258 509 analogia
1276 461 1416 504 suadet,
1453 463 1657 502 arteriolam

74 523 231 560 duorum
247 519 484 568 globulorum
501 532 694 568 capacem,
727 521 763 556 in
790 519 882 557 duos
898 532 1043 561 mmos,
1058 511 1237 568 ’quorum
1263 519 1444 568 fingulum
1461 533 1553 559 unus
1576 523 1656 571 glo-

73 581 179 618 bolus
207 580 394 623 metiatur,
427 581 559 628 pariter
590 579 702 616 dividi
725 606 734 621 ‚
776 577 836 616 etfi
864 578 1041 626 ejusmodi
1073 579 1256 617 arteriolas
1284 578 1567 629 microscopium
1595 584 1656 620 vix

71 639 234 688 adtingit.

130 699 326 747 Utcunque
351 705 470 736 autem
493 698 696 735 inconstans
712 697 858 735 luminis
882 699 1002 735 trunci
1025 697 1068 734 ad
1099 696 1235 736 lumina
1265 710 1451 737 ramorum
1475 700 1565 738 ratio
1589 699 1657 743 fit,‘

70 757 209 808 semper
237 765 356 795 tamen
380 758 582 795 ostenditur
600 785 609 800 ‚
645 757 852 795 arteriosum
881 757 1030 807 systema
1057 756 1123 794 effe
1142 770 1279 796 conum
1302 758 1483 796 inversum
1501 787 1511 802 ,
1553 760 1656 807 cujus

70 830 162 867 apex
177 819 214 855 in
235 817 344 855 corde
359 845 368 859 ,
403 815 489 853 bafis
515 818 552 853 in
577 815 731 854 univerfi
752 818 914 865 corporis
939 818 1099 853 minimis
1124 818 1299 854 arteriolis
1315 817 1356 855 fit
1382 818 1397 868 (
1417 818 1475 866 d)
1491 846 1500 860 ‚
1530 826 1570 855 ut
1582 830 1657 856 ma-

70 889 142 926 gna
162 877 246 914 inde
276 876 422 913 summae
448 888 632 913 ramorum
658 877 825 913 omnium
847 875 890 912 ad
918 883 1088 913 truncum
1116 878 1239 924 portio
1274 876 1444 914 nascatur.
1496 876 1535 914 Si
1557 879 1657 915 enim

70 937 174 974 valde
203 936 407 973 modestum
428 935 606 973 calculum
635 935 794 985 posueris
813 963 821 977 ‚
856 935 893 971 &
915 934 1041 971 feceris
1068 934 1260 972 divifiones
1286 935 1330 972 ab
1358 942 1456 973 aorta
1484 935 1528 973 ad
1548 937 1656 974 mini<

70 1008 168 1034 mam
190 994 388 1032 arteriolam
414 996 450 1030 in
474 1006 628 1043 corpore
656 994 821 1032 universo
846 995 952 1031 unice
980 995 1134 1042 viginti,
1170 996 1236 1032 erit
1255 1002 1376 1032 tamen
1392 1023 1401 1038 ,
1436 994 1513 1032 satis
1533 996 1658 1044 proxi-

71 1068 154 1097 me,
207 1056 298 1092 ratio
324 1055 489 1090 omnium
513 1065 699 1091 ramorum
717 1053 760 1090 ad
790 1062 947 1094 aonam,
982 1055 1035 1090 uti
1062 1053 1229 1101 vlgefima
1242 1056 1418 1103 potentia.
1436 1056 1579 1093 numeri
1619 1064 1650 1100 3.

71 1115 117 1152 ad
141 1113 346 1162 vigesimam
373 1114 575 1161 potentiam
604 1114 747 1150 numeri
778 1122 811 1148 2.
850 1124 928 1160 quae
950 1113 1040 1148 ratio
1062 1114 1218 1150 maxima
1243 1113 1317 1156 est,
1358 1113 1551 1163 multoque
1580 1126 1655 1151 ma..

69 1174 153 1220 jor,
197 1185 305 1221 quam
335 1182 398 1208 20.
428 1171 472 1208 ad
515 1183 545 1207 1.
578 1183 686 1220 quam
713 1170 780 1207 Vir
815 1170 888 1207 Cel.
918 1170 1074 1219 posuit(
1101 1184 1117 1208 e
1142 1173 1161 1218 )
1184 1199 1195 1213 ,
1245 1179 1307 1210 aut
1341 1171 1447 1210 altera
1466 1201 1477 1215 ,
1518 1174 1555 1210 in
1585 1185 1657 1222 qua

69 1231 167 1268 idem
193 1232 247 1267 vir
278 1230 368 1268 Clar.
406 1230 639 1278 quadraginta
671 1231 810 1278 primos
842 1240 960 1266 ramos
987 1228 1100 1266 'aortae
1132 1231 1238 1267 unica
1265 1231 1386 1268 octava
1418 1238 1517 1280 parte
1547 1240 1656 1270 aortae

59 1297 201 1332 'trunco
231 1290 385 1337 majores
409 1288 493 1326 fecit
516 1288 535 1337 (
551 1287 582 1337 f
602 1290 627 1334 ).
680 1287 811 1337 Neque
837 1288 981 1337 probari
1003 1289 1121 1337 potest
1148 1289 1318 1331 censura,
1364 1301 1473 1338 quam
1505 1289 1558 1328 Cl.
1587 1290 1655 1328 Vir

68 1351 109 1388 in
134 1349 447 1387 COWPERIAN
465 1360 515 1384 As
548 1347 872 1385 administrationes
897 1349 1079 1390 exercuit,
1112 1349 1244 1397 quibus
1267 1347 1573 1387 calculi-Keiliani
1601 1351 1655 1388 ni-

70 1415 204 1447 tuntur.
254 1407 375 1445 Nimis
412 1408 509 1444 enim
541 1407 704 1444 dilatatos
737 1402 836 1444 fuisse
864 1419 983 1444 ramos
1022 1407 1175 1454 objicit,
1224 1408 1327 1457 quod
1356 1407 1549 1446 debiliores
1587 1407 1655 1446 fine

71 1468 166 1515 (g).
196 1466 336 1504 Verum
364 1478 482 1504 ramos
507 1467 663 1503 omnino
689 1467 824 1503 truncis
852 1465 920 1503 suis
939 1466 1157 1504 robustiores
1185 1466 1251 1503 effe
1282 1466 1462 1505 ostensum
1493 1468 1542 1504 est
1561 1468 1650 1516 (h),
1699 1460 1713 1474 ⁶

69 1524 115 1565 Et
139 1525 214 1563 haee
231 1527 355 1563 omnia
379 1525 512 1562 debent
534 1537 579 1562 ex
607 1531 773 1562 anatome
806 1523 967 1566 definiri,
1002 1537 1071 1561 nec
1105 1536 1150 1561 ex
1180 1526 1419 1563 retardatione
1449 1526 1654 1574 sanguinis2„

71 1596 150 1633 quae
169 1586 206 1622 in
228 1585 389 1621 minimis
406 1582 491 1622 vasis
515 1581 580 1620 effe
603 1583 780 1626 creditur,
821 1595 940 1632 neque
964 1590 1065 1620 certo
1083 1584 1229 1631 cognita
1246 1584 1314 1627 est,
1345 1585 1390 1622 ad
1414 1596 1544 1623 eorum
1556 1584 1655 1623 vasca

68 1654 151 1681 rum
168 1642 445 1693 amplitudinem
473 1642 655 1680 concludi,

421 1755 454 1796 5,
488 1749 530 1789 Χ
549 1750 566 1789 Ι
585 1749 636 1789 X.
701 1749 836 1799 Anguli
864 1762 1046 1789 ramorum
1059 1763 1136 1790 cum
1154 1754 1300 1790 truncis,

128 1863 318 1913 Sequitur,
353 1868 394 1900 ut
418 1861 463 1898 de
483 1860 623 1908 angulis
646 1859 765 1897 dicam
786 1888 794 1902 ‚
828 1859 891 1898 sub
912 1861 1043 1909 quibus
1067 1862 1201 1898 arteriae
1221 1860 1434 1899 dividuntur
1452 1889 1463 1902 ,
1499 1862 1536 1899 &
1561 1873 1653 1912 quom

68 1935 150 1960 rum
177 1935 252 1960 non
283 1923 430 1959 minima
448 1920 543 1969 apud
575 1919 628 1957 Cl.
664 1919 803 1968 aliquos
832 1919 1068 1969 physiologos
1095 1921 1282 1958 aueloritas
1307 1921 1365 1958 est.
1402 1920 1475 1958 Erit
1504 1928 1649 1965 autem,

69 1993 135 2018 cur
159 1993 371 2019 moneamus
397 1979 614 2029 proleclores
629 2007 637 2020 ,
672 1980 814 2027 quoties
840 1979 992 2027 angulos
1014 1980 1098 2016 istos
1127 1980 1252 2017 volent
1276 1981 1418 2022 metiri,
1452 1987 1492 2017 ut
1515 1981 1652 2019 intactis

69 2046 214 2078 utantur
240 2039 326 2077 vafis
351 2067 361 2081 ,
400 2050 532 2086 neque·
546 2037 750 2074 cellulosam
780 2037 887 2074 telam
915 2038 962 2075 de
985 2040 1118 2075 arteriis
1142 2038 1290 2075 solvant.
1326 2038 1367 2075 Id
1387 2040 1485 2075 enim'
1511 2038 1536 2075 fi
1559 2039 1652 2077 fece-

69 2099 142 2136 tint
161 2127 170 2142 ‚
205 2100 295 2136 mire
321 2105 478 2135 mutatos
502 2096 686 2133 habebunt
715 2096 869 2144 angulos
885 2125 894 2139 ,
930 2109 1048 2146 neque
1074 2103 1236 2134 naturam
1263 2097 1472 2134 describent.
1509 2096 1652 2136 Omnes

70 2164 190 2195 autem
224 2157 346 2207 anguli
365 2155 499 2194 reseffis
529 2155 582 2192 his
612 2154 759 2192 frenulis
783 2157 937 2203 majores
963 2155 1077 2199 fiunt,
1116 2155 1219 2206 quod
1242 2168 1282 2194 ea
1303 2156 1441 2194 frenula
1463 2157 1578 2194 vicina
1595 2170 1653 2195 νει-

1619 2217 1653 2254 sa

110 2279 334 2316 (cl)P1T0A
350 2288 401 2308 nn
417 2289 431 2309 n
450 2279 739 2318 demotuquocihin.
758 2279 1084 2315 8.&c.WA1.’r}1=R
1103 2276 1225 2319 defimg.
1239 2279 1349 2313 acceler.
1365 2278 1521 2317 &marca
1533 2279 1614 2320 Prop
1627 2279 1652 2316 1,

109 2321 173 2357 (e)
195 2324 240 2352 De
257 2322 320 2358 inst·
314 2326 419 2348 mmut
448 2331 472 2357 p.
495 2326 560 2355 2¹8·

108 2361 174 2399 (f)
199 2365 242 2392 De
264 2358 347 2400 pufic
370 2370 396 2397 p.
426 2371 472 2392 12.

75 2415 83 2421 ’
109 2402 175 2440 (gl
197 2413 223 2438 Ρ-
246 2413 288 2434 7ο

107 2442 177 2480 (h
200 2441 232 2471 In
265 2443 321 2472 hoc
343 2451 428 2479 opere
454 2452 479 2472 n.
508 2449 552 2478 14.

156 2486 282 2527 Haller
303 2486 489 2538 I’hjfiolog.
525 2485 633 2525 Tom.
659 2487 685 2527 L
1242 2484 1274 2529 L
