2003 2748
449 96 631 137 SECT.
666 95 752 137 IV.
786 96 1028 138 MOTUS
1063 95 1341 137 CORDIS.
1613 111 1698 147 449

84 196 242 247 adquirit
266 194 498 234 velocitatem
514 222 523 237 ,
558 206 628 243 qua
651 206 697 232 ex
719 193 862 232 orificio
889 193 967 232 fluit
995 193 1043 242 (i
1057 190 1082 242 ).
1120 192 1218 242 Ergo
1238 200 1279 231 ut
1299 192 1376 230 haec
1408 191 1586 231 elementa
1612 193 1700 231 defi-

85 259 204 300 niret,
235 255 393 308 quaesivit
421 254 650 294 velocitatem
673 283 682 298 ,
725 266 816 306 *cum
843 267 913 304 qua
941 253 1083 302 sanguis
1107 266 1153 290 ex
1178 254 1289 291 corde
1315 253 1438 302 prodit
1465 253 1524 302 (lc
1542 253 1568 300 ).
1613 254 1700 291 San-

85 319 238 368 guinem
265 305 436 366 quidem,
477 315 540 364 qui
556 315 668 352 unico
698 313 800 362 pulsu
820 326 866 351 ex
884 313 1023 351 finisti-o
1042 314 1245 351 ventriculo
1257 313 1424 363 pellitur,
1453 313 1637 351 aestimavit
1654 315 1699 352 ad

84 378 256 419 unciam,
307 388 385 426 quae
420 374 571 424 spatium
600 372 715 423 replet
745 374 880 423 aequale
912 386 944 412 1.
979 380 1058 418 659
1088 373 1240 422 pollicis.
1286 373 1400 411 Porro
1428 376 1633 412 numeravit
1660 376 1700 412 in

81 438 229 476 minuto
244 437 364 486 primo
376 434 496 485 pulsus
518 434 704 482 octoginta
718 461 727 476 ‚
766 435 909 472 invenit
928 434 1041 478 adeo,
1066 434 1103 470 in
1124 445 1168 471 eo
1189 440 1356 482 tempore
1377 433 1421 470 de
1444 434 1555 471 corde
1577 435 1700 484 expel-

82 494 110 536 li
139 496 320 546 sanguinis
345 495 480 544 digitos
520 503 611 537 132.
647 503 717 537 72.μ
749 492 840 531 Inde
871 503 981 532 aortae
1014 493 1146 531 ostium
1176 493 1378 537 dimensus,
1405 495 1538 543 reperit
1559 493 1626 531 esse
1657 507 1697 534 0.

15 586 19 589 .
81 562 210 603 4187.
244 555 395 605 pollicis.
441 552 660 603 Cylindrum
691 552 783 590 adeo
802 581 811 596 ,
854 555 959 602 cujus
983 552 1070 592 basis
1107 554 1200 591 ostio
1230 560 1339 591 aortae
1373 554 1516 603 aequalis
1546 553 1610 597 fit,
1661 556 1700 592 Sc

81 628 191 666 quam
212 603 373 664 'replent
411 612 593 666 sanguinis
634 613 786 663 pollices
850 624 929 658 132
979 625 1044 661 72.
1094 613 1246 663 longam
1280 614 1370 651 facit
1417 614 1553 663 digitos
1603 621 1695 658 316„

79 674 151 713 five
166 673 278 725 pedes
309 679 372 711 26.
409 685 488 723 quae
515 672 642 711 eadem
670 673 718 711 est
737 673 936 722 longitudo
962 675 1124 718 itineris,
1158 674 1261 724 quod
1285 674 1428 724 sanguis
1457 676 1548 712 intra
1577 676 1699 713 minu-

79 726 160 774 tum
183 736 347 785 primum
368 735 556 783 percurrit⁰
609 732 661 771 Ut
686 733 923 772 velocitatem
944 735 1103 786 denique
1131 734 1350 773 determinet
1387 734 1491 773 Idem
1524 733 1592 772 Vir
1616 734 1694 779 CL,

78 795 165 837 facit
194 794 368 832 diastolen
387 821 398 837 ‚
436 793 472 831 &
495 792 762 843 tempusculum
788 795 919 842 quietis
943 794 1030 834 huic
1059 795 1287 843 interjestum
1309 796 1345 833 ὃς
1380 795 1517 845 systolae
1549 794 1694 838 cordis,

79 855 215 905 aequale
229 853 343 904 duplo
355 855 516 903 tempori
526 853 672 904 systoles
684 882 693 896 ‚
718 852 788 890 five
807 854 1067 893 contraffionis
1085 855 1205 892 cordis
1223 884 1231 898 ‚
1252 855 1322 893 five
1337 857 1401 893 uni
1418 855 1534 906 533¹oe
1563 856 1699 893 minuti

78 917 189 966 primi
216 913 303 964 (l).
348 913 425 958 Ita,
464 926 549 952 cum
576 915 667 951 intra
698 914 839 951 tertiam
867 921 1009 964 partem
1039 916 1171 954 minuti
1201 916 1335 965 primi,
1372 926 1437 953 cor
1470 914 1698 953 contractum

76 975 290 1025 sanguinem
317 987 382 1025 per
398 973 509 1024 pedes
527 980 583 1011 26
601 975 790 1024 projiciat,
823 974 890 1012 ibit
918 975 1023 1013 idem>
1039 989 1103 1027 per
1122 982 1173 1021 78
1189 967 1304 1025 ¹pedes
1322 977 1359 1013 in
1384 976 1529 1013 minuto
1547 976 1668 1025 primo
1684 1004 1706 1019 ,.

33 1061 38 1065 -
77 1034 105 1073 fi
138 1035 351 1084 sanguinem
379 1046 495 1084 ponas
524 1046 609 1073 cum
637 1046 676 1072 ea
709 1033 849 1084 semper
884 1035 1079 1075 velocitate
1112 1048 1353 1086 procurrere,
1397 1047 1508 1086 quam
1535 1048 1553 1073 a
1584 1035 1696 1074 corde

77 1096 200 1145 primo
220 1095 368 1144 accepit.
404 1093 502 1133 Cum
527 1094 679 1132 demum
700 1106 780 1132 non
806 1106 877 1132 uua
893 1124 902 1138 ,
935 1095 996 1133 sed
1019 1097 1100 1136 duae
1129 1097 1244 1134 unciae
1273 1093 1456 1145 sanguinis
1481 1095 1584 1144 (m)
1604 1124 1613 1138 ‚
1651 1107 1707 1133 ex»

77 1151 190 1193 corde
212 1156 476 1204 projiciantur,
521 1155 557 1192 δε
590 1154 797 1205 cylindrum
827 1154 919 1192 adeo
944 1155 1109 1205 repleant
1138 1156 1252 1205 duplo
1280 1169 1318 1194 ea
1339 1156 1550 1205 longiorem
1568 1184 1576 1198 ‚
1615 1167 1696 1205 quae

74 1213 190 1252 sumta
206 1214 256 1251 est
265 1242 278 1257 ‚2
307 1221 493 1263 percurret
509 1213 600 1251 adeo
618 1214 758 1263 sanguis
771 1243 780 1257 ‚
804 1226 849 1251 ex
864 1213 1004 1253 sinistro
1024 1218 1137 1255 corde
1155 1216 1347 1266 propulsus
1365 1245 1374 1259 ‚
1402 1205 1494 1253 intra
1509 1217 1698 1254 minutum

75 1275 238 1324 primum
259 1274 378 1323 pedes.
397 1280 489 1320 156.
527 1273 677 1313 Memor
698 1281 821 1312 tamen
851 1273 919 1312 Vir
950 1275 1042 1315 Clar.
1072 1289 1149 1316 non
1176 1276 1308 1327 absque
1336 1275 1529 1314 resistentia
1554 1275 1697 1324 sangui-

75 1346 163 1372 nem
177 1346 241 1384 per
260 1333 410 1383 systema
430 1333 596 1372 vasorum
612 1336 778 1385 corporis
799 1336 953 1373 animati
972 1340 1142 1381 moveri,
1180 1337 1216 1373 &
1242 1335 1366 1375 venofi
1387 1335 1571 1386 sanguinis
1595 1336 1697 1373 velo-

78 1396 226 1432 citatem
243 1393 288 1431 ad
309 1393 528 1432 celeritatem
547 1393 729 1443 sanguinis
750 1394 909 1433 arteriofi
924 1423 934 1438 ‚
973 1395 1040 1434 effe
1058 1401 1112 1437 uti
1145 1407 1162 1440 3
1195 1397 1238 1434 ad
1262 1396 1321 1444 7}-
1357 1397 1480 1434 denuo
1508 1395 1709 1434 constituit

81 1464 164 1497 390
190 1454 324 1503 pedes,
367 1466 460 1504 quos
495 1454 592 1492 unda
613 1467 631 1492 a
659 1455 780 1493 cordis
809 1453 949 1493 sinistro
972 1457 1181 1497 ventriculo
1215 1456 1352 1507 inpulsa
1381 1462 1634 1506 percurreret,
1670 1454 1707 1491 si⁴

76 1513 166 1551 nihil
188 1514 344 1551 omnino
370 1515 445 1562 ejus
470 1513 610 1552 fluento
633 1514 813 1553 resisteret.

135 1572 242 1612 Hanc
265 1573 498 1612 velocitatem
522 1574 644 1613 retulit
661 1577 699 1612 in
721 1575 909 1614 theorema
929 1575 1085 1617 NEWT
1100 1593 1123 1620 o
1137 1593 1160 1618 N
1179 1589 1190 1614 1
1206 1589 1229 1614 A
1243 1588 1267 1614 N
1283 1590 1307 1616 u
1320 1590 1350 1615 M
1384 1576 1436 1619 (n
1456 1577 1498 1626 ),
1532 1578 1568 1615 &
1599 1590 1703 1628 quae-2-

75 1630 154 1671 sivit
176 1633 403 1672 altitudinem
418 1663 427 1676 ,
463 1647 482 1672 a
500 1646 570 1685 qua
597 1643 747 1685 oportet
768 1636 983 1686 sanguinem
999 1641 1127 1680 cadere
1141 1670 1150 1684 ‚
1184 1645 1225 1675 ut
1253 1650 1292 1675 ea
1322 1637 1501 1676 celeritate
1516 1637 1560 1675 de
1582 1638 1694 1675 corde

76 1691 267 1742 profluat,
318 1705 427 1743 quam
454 1695 670 1732 invenerat·
700 1694 786 1734 Eam
817 1697 1048 1737 altitudinem
1080 1700 1215 1751 reperit
1252 1708 1301 1742 17
1336 1698 1538 1747 digitorum
1570 1698 1606 1735 ἃ
1638 1703 1694 1744 76

75 1751 361 1791 centesimarum.
392 1753 489 1790 Nam
506 1766 639 1804 corpus
657 1767 767 1804 grave
787 1757 953 1795 cadendo
975 1770 993 1795 a
1019 1770 1064 1805 15
1093 1760 1247 1811 pedibus
1262 1757 1419 1806 adquirit
1436 1757 1666 1795 velocitatem
1680 1788 1689 1801 ,

74 1824 145 1861 qua
162 1814 254 1850 intra
272 1814 457 1850 minutum
482 1813 682 1852 secundum
704 1816 851 1865 triginta
873 1816 984 1865 pedes
1007 1818 1042 1855 δε
1062 1821 1155 1858 ultra
1178 1819 1376 1868 percurrit,
1403 1818 1599 1867 quintuplo
1616 1830 1691 1855 ma-

75 1872 197 1917 jorem·
219 1885 258 1909 ea
281 1872 496 1914 velocitate,
540 1886 619 1922 quae
650 1873 816 1922 sanguini
842 1877 880 1912 in
907 1884 1047 1915 aortam
1077 1878 1229 1927 expulso
1252 1876 1433 1924 adsignata
1465 1876 1522 1912 est.
1574 1875 1691 1915 Facile

75 1942 175 1969 nunc
199 1931 250 1968 est
268 1930 423 1980 cylindri
444 1931 590 1979 pondus
619 1933 738 1968 metiri
756 1961 773 1976 2.
816 1945 895 1982 quae
920 1935 1068 1983 pondus
1107 1937 1304 1986 exprimit,
1348 1935 1450 1985 quod
1476 1947 1495 1972 a
1515 1936 1627 1974 corde
1648 1936 1692 1973 fi-

1575 1997 1700 2035 nistro>

115 2046 129 2083 (
150 2049 160 2077 i
182 2048 194 2085 )
219 2050 262 2077 De
280 2048 310 2075 vi
326 2047 418 2076 cordis
435 2043 609 2084 sanguinem
623 2055 672 2085 per
690 2056 788 2085 corpus
806 2049 920 2085 pellente
938 2060 965 2089 p.
996 2059 1042 2089 515.

116 2091 131 2124 (
148 2091 166 2118 le
186 2090 198 2126 )
224 2092 266 2118 De
287 2090 431 2117 velot-itate
444 2086 606 2126 ι[ἷυιέςιιίιιὶς.

117 2130 131 2165 (
154 2132 192 2167 Ι)
215 2130 285 2160 lbid.
312 2139 338 2168 p.
363 2140 412 2166 42.

115 2171 193 2209 (m)
217 2181 244 2209 p.
268 2181 313 2207 54.

116 2212 167 2248 (n
185 2213 198 2249 )
220 2212 254 2241 ln
276 2212 353 2241 omni
377 2222 481 2244 nempe
506 2222 625 2250 corpore
647 2213 753 2245 sursum
777 2217 904 2254 projecto
925 2221 1037 2255 tempus
1055 2217 1203 2249 adscensus
1227 2219 1267 2249 est
1287 2219 1395 2257 aequale
1413 2219 1473 2257 ilii,
1501 2231 1557 2259 quo
1581 2233 1686 2262 corpus

77 2253 183 2286 cadens
206 2253 324 2290 adquirn
345 2253 528 2284 velocita‘tem
552 2256 691 2294 aequalem
713 2259 758 2292 ei,
784 2268 837 2295 qua
862 2268 966 2296 corpus
981 2281 989 2293 ,
1017 2259 1054 2288 de
1078 2269 1133 2297 quo
1158 2261 1292 2297 quaeritur
1307 2283 1314 2296 ,
1345 2260 1374 2290 in
1401 2263 1543 2301 principio
1574 2265 1615 2295 sui
1637 2267 1687 2296 acl,

78 2294 211 2329 stensus,
253 2293 357 2324 suasum
387 2303 497 2325 motum
534 2298 580 2326 eit.
614 2297 649 2327 Et
682 2297 824 2336 altitudo,
851 2310 907 2337 quo
929 2301 1005 2330 idem
1026 2310 1133 2339 corpus
1155 2301 1322 2337 adscendit,
1354 2302 1392 2332 est
1410 2304 1524 2341 aequalis
1540 2305 1604 2342 illi,
1635 2318 1686 2345 pus

78 2346 171 2383 quam·
185 2336 260 2366 idem
279 2345 382 2373 00prss
403 2338 507 2366 cadens
533 2338 561 2366 ³11
578 2338 634 2368 fine
654 2339 693 2370 sui
713 2339 803 2380 lapsus
828 2341 951 2381 adquirit
975 2351 1040 2376 eam
1062 2342 1267 2380 velocitatem,
1301 2353 1368 2374 cum
1397 2354 1453 2383 qua
1488 2347 1615 2386 primum
1635 2348 1685 2379 ac..

75 2377 186 2412 stendit
201 2377 226 2406 H
238 2387 253 2406 ε
267 2388 283 2406 ι
298 2387 310 2406 s
325 2387 343 2406 H
362 2389 378 2405 Λ
394 2389 415 2406 M
437 2378 548 2408 Jeelures
568 2390 592 2417 p.
622 2391 666 2416 ²9·

166 2421 294 2465 Haller
315 2420 505 2479 Pltzjiolog.
541 2423 649 2464 Toni.
668 2424 696 2476 L
1251 2429 1288 2468 L
1300 2430 1319 2467 1.
1332 2429 1348 2467 l
