2003 2748
335 149 413 190 338
845 140 1168 183 11ssth
1235 141 1416 184 COR:

330 251 417 290 quas
428 237 610 289 prosector
627 236 745 282 videt,
766 238 805 276 in
818 237 946 288 systole
961 251 1067 288 agere
1081 269 1090 283 ,
1115 252 1171 278 eas
1185 251 1273 278 vero
1289 243 1445 279 omnino
1460 241 1586 279 extimi
1603 239 1699 280 strati
1709 236 1814 281 fibras
1829 238 1920 291 effe,

314 311 416 348 ‚quas
447 298 632 335 adversarii
667 310 711 336 eo
746 298 972 348 tempusculo
1000 299 1133 342 laxari,
1175 307 1302 338 contra
1329 302 1368 338 in
1390 301 1536 339 diastole
1560 301 1685 344 tendi,
1733 303 1922 346 contrahi,

327 358 511 394 breviores
532 356 609 394 fieri
631 359 758 402 aiunt,
794 370 953 407 quorum
985 366 1181 408 utrumque
1204 372 1223 396 a
1244 359 1367 397 nostro
1385 388 1395 403 ,
1436 360 1528 398 adeo
1555 360 1649 398 facili
1676 362 1926 409 experimento

315 416 508 459 refutatur.
545 416 745 466 Nunquam
775 419 882 455 etiam
899 446 908 460 ,
954 418 997 454 ab
1023 419 1164 456 irritatis
1184 418 1281 456 fibris
1309 422 1467 457 externis
1493 420 1634 462 cordis,
1670 419 1843 462 diastole,
1890 420 1928 457 &

315 483 452 519 ⁴contra
479 486 658 524 perpetuo
688 476 815 526 systole
840 476 1008 526 sequitur.
1058 477 1094 514 Si
1131 490 1217 515 vero
1245 480 1387 516 extimae
1418 479 1515 517 fibrae
1553 480 1783 517 relaxationis
1817 478 1928 516 essent

317 533 474 584 *opifices
491 562 501 577 ‚
535 546 584 572 eae
605 537 768 579 imitatae,
798 536 965 585 ad20que
993 537 1205 580 contractae,
1239 550 1303 575 cor
1328 540 1366 574 in
1391 538 1574 575 laxitatem
1603 545 1832 587 reponerent.
1869 537 1926 575 Ab

322 594 522 632 irritatione
545 596 643 631 enim
670 594 766 632 fibrae
790 594 998 632 musculosae
1017 597 1093 642 ejus
1112 596 1203 633 aeno
1222 596 1381 646 sequitur
1405 597 1425 644 (
1441 599 1498 643 e).

383 651 520 689 Iterum
544 653 790 697 ostendimus,
808 655 929 691 cordis
945 655 1096 692 lacertos
1121 656 1157 691 ὃς
1183 654 1288 692 fibras
1307 656 1540 693 vehementer
1565 657 1750 698 intricari,
1789 655 1926 706 sibique

324 710 360 749 ἃ
382 710 487 749 densa
512 711 679 750 cellulosa
700 713 768 750 tela
788 716 847 760 (g
864 711 879 762 )
895 742 905 756 ,
943 714 979 750 &
1003 715 1109 750 ramis
1132 715 1148 761 (
1168 714 1191 750 h
1211 715 1230 760 )
1262 715 1420 763 denique
1440 714 1610 752 fibrarum
1631 715 1825 752 itainneffl
1841 743 1850 758 ,
1883 721 1926 753 ut

321 783 369 808 ne
401 770 548 820 quidem
574 773 727 820 cogitari
749 771 856 821 poffit
870 800 879 814 ‚
924 773 961 809 in
981 772 1053 810 hoc
1070 773 1223 810 reticulo
1243 773 1446 811 musculoso
1475 774 1556 811 alias
1573 774 1677 811 fibras
1701 774 1788 811 solas
1817 786 1924 823 agere

323 830 360 867 ἃ.
388 829 553 867 contrahi
571 829 691 879 poffe,
727 832 817 869 dum
840 829 986 881 reIIquae
1015 831 1212 881 quiescunt.
1249 832 1365 870 Porro
1392 841 1530 871 certum
1549 833 1618 876 est,
1652 833 1825 870 diastolen
1845 844 1924 870 non

320 889 468 926 vitalem
485 889 641 939 aliquam
657 890 836 927 astionem
854 889 941 933 esse,
974 903 1053 939 quae
1077 892 1189 929 robur
1209 900 1271 930 aut
1289 895 1361 929 vim
1379 892 1617 930 musculosam
1636 893 1801 941 requirat.
1835 891 1924 930 Dia-

320 948 410 996 stole
433 950 531 985 enim
552 949 602 986 est
617 977 626 991 ‚
665 949 703 986 in
724 962 832 998 quam
858 961 922 987 cor
954 950 1130 999 languore
1155 950 1218 988 suo
1236 979 1246 994 ,
1281 960 1343 990 aut
1366 951 1518 1000 perfecta
1542 952 1692 988 demum
1718 953 1843 988 inertia
1868 963 1923 988 re-

294 1028 296 1033 ·
319 1007 374 1044 dit
390 1036 399 1051 ,
433 1008 469 1044 &
495 1009 533 1044 in
555 1020 625 1056 qua
649 1015 709 1045 aut
732 1017 909 1057 perpetuo
928 1010 1128 1047 immotum
1157 1017 1306 1053 manet,
1351 1018 1412 1048 aut
1437 1019 1553 1054 certe,
1585 1011 1705 1048 donec
1733 1012 1777 1049 ab
1798 1010 1920 1060 aliquo

317 1065 465 1119 stimulo
492 1079 588 1104 nova
615 1068 813 1104 contraffio
840 1067 1024 1106 suscitetur
1051 1069 1103 1115 (k
1120 1069 1150 1116 ).

319 1168 323 1169 ⁷
377 1122 551 1176 Denique
576 1126 667 1163 mihi
688 1126 842 1176 quidem
859 1127 949 1163 nihil
970 1127 1170 1177 quidquam
1200 1127 1424 1167 obscuritatis
1455 1124 1521 1166 effe
1550 1129 1693 1168 videtur
1722 1130 1760 1166 in
1790 1141 1830 1167 ea
1867 1127 1921 1166 di-

314 1182 512 1228 latatione,
552 1197 632 1234 quae
659 1186 946 1223 contractionem
980 1187 1099 1224 cordis
1125 1189 1269 1236 exeipit.
1321 1187 1454 1226 Omnis
1485 1191 1583 1226 enim
1608 1189 1789 1226 musculus
1806 1216 1815 1230 ‚
1863 1194 1920 1225 ut-

316 1255 463 1293 cunque
488 1245 562 1291 ejus
588 1244 685 1282 fibrae
713 1244 971 1294 disponantur,
1012 1245 1149 1283 tamdiu
1174 1248 1212 1282 in
1238 1247 1484 1284 contractione
1519 1248 1694 1289 versatur,
1743 1246 1918 1297 quamdiu

315 1303 393 1349 ejus
420 1302 566 1352 systoles
595 1303 694 1341 causa
714 1305 752 1340 in
784 1304 947 1341 musculo
969 1304 1121 1353 praesens
1158 1305 1287 1342 manet.
1325 1305 1434 1344 Aufer
1464 1318 1542 1343 eam
1572 1306 1734 1348 causam,
1779 1305 1916 1343 auferes

315 1373 386 1398 una
405 1361 690 1399 contractionem
705 1391 714 1405 ‚
752 1364 789 1400 Sc
815 1362 872 1400 sua
894 1362 1059 1412 sequetur
1088 1363 1220 1402 laxitas.
1257 1363 1323 1402 Vis
1348 1365 1529 1408 mordere,
1551 1365 1775 1402 contrahitur
1795 1363 1917 1402 maffe-

313 1427 393 1462 ter,
430 1420 599 1459 decrescit
625 1421 662 1459 Sc
688 1428 822 1459 tumet:
858 1422 973 1459 aufers
1002 1422 1228 1460 voluntatem
1249 1423 1467 1466 mordendi,
1505 1424 1643 1462 laxatur
1668 1424 1786 1462 subito
1817 1423 1915 1461 idem

312 1479 494 1518 musculus
515 1509 524 1523 ‚
565 1481 600 1517 &
628 1480 812 1521 mollescit.
858 1481 975 1519 Irritas
1003 1494 1067 1519 cor
1101 1482 1268 1532 scalpello
1285 1509 1295 1525 ‚
1341 1484 1626 1532 constringitur,
1666 1484 1702 1520 &
1731 1482 1914 1521 desinente

310 1539 510 1576 irritatione
531 1540 569 1576 in
591 1538 765 1577 diastolen
787 1537 819 1577 se
843 1542 998 1590 reponit.
1035 1540 1153 1579 Irritas
1176 1541 1261 1579 flatu
1275 1570 1284 1584 ,
1321 1542 1449 1592 systole
1473 1542 1653 1592 sequitur:
1689 1543 1838 1592 expellis
1856 1555 1914 1580 ae-

309 1608 388 1635 rem
405 1626 415 1640 ,
452 1598 589 1636 laxatur
610 1599 717 1637 idem.
755 1599 925 1637 Admittis
952 1603 991 1636 in
1016 1612 1081 1637 cor
1100 1600 1313 1649 sanguinem
1331 1602 1505 1640 venosum
1520 1631 1530 1644 ‚
1565 1601 1789 1640 contrahitur
1803 1630 1813 1644 ‚
1851 1613 1913 1639 ex-

309 1657 402 1704 pulit
432 1658 603 1695 eumdem
621 1687 630 1701 ,
666 1658 822 1708 quiescit.
859 1658 999 1696 Avertis
1025 1672 1109 1697 eum
1136 1660 1349 1709 sanguinem
1373 1662 1416 1698 ab
1440 1661 1596 1699 auricula
1615 1661 1739 1698 dextra
1754 1689 1763 1703 ,
1800 1662 1844 1697 ab
1866 1672 1911 1699 eo

308 1716 511 1760 ventriculo
527 1745 536 1759 ‚
571 1726 744 1765 perennat
767 1717 924 1756 utriusve
945 1718 1092 1756 diastole
1116 1719 1160 1766 [l
1171 1722 1198 1768 ].
1234 1719 1502 1758 Evidentiffime
1526 1722 1668 1758 veroin
1699 1720 1910 1757 animalibus

306 1773 430 1822 frigidi
458 1775 638 1823 sanguinis
672 1777 879 1825 conspicere
904 1777 975 1820 est,
1012 1780 1067 1815 uti
1088 1791 1128 1815 ea
1150 1790 1230 1827 pars
1254 1779 1374 1817 cordis
1405 1780 1583 1829 quiescat,
1621 1791 1700 1828 quae
1724 1781 1905 1821 inanitur,

308 1832 344 1869 &
371 1833 602 1871 contrahatur
628 1831 798 1878 viciffim‚
841 1848 920 1884 quae
943 1835 1155 1883 sanguinem
1182 1840 1318 1885 recepit
1339 1838 1354 1883 [
1374 1850 1409 1874 m
1428 1840 1454 1884 ].
1488 1838 1530 1875 In
1559 1838 1736 1874 testudine
1754 1847 1907 1884 magnus

305 1891 401 1929 testis
432 1892 481 1928 est
511 1893 598 1938 Joh.
629 1890 864 1943 Baptssaca
882 1905 1028 1931 LnEsr
1064 1894 1115 1941 [n
1131 1897 1159 1942 ].
1195 1894 1366 1944 Denique
1390 1897 1525 1933 inaure
1566 1897 1601 1933 &
1627 1896 1829 1933 ventriculo
1854 1897 1908 1944 pie

303 1949 417 1988 scium
448 1950 706 1990 evidentiffime
735 1953 906 2002 adparet,
953 1965 1063 2002 quam
1086 1954 1320 1991 vehementer
1347 1954 1380 1991 se
1395 1955 1433 1991 hi
1461 1957 1538 1992 cavi
1569 1954 1719 1992 musculi
1742 1957 1833 1992 circa
1852 1956 1907 1991 in-

301 2007 428 2050 flatum
443 2023 560 2049 aerem
577 2040 586 2055 ,
621 2019 682 2050 aut
697 2012 908 2061 sanguinem
924 2024 988 2062 per
1014 2013 1158 2051 vincula
1180 2015 1382 2052 coercitum
1405 2014 1633 2053 contrahant.
1669 2012 1905 2062 Objeffiones

1845 2074 1905 2110 ali·

344 2166 386 2204 (e
408 2169 420 2205 )
448 2168 570 2198 Premier
590 2170 727 2201 Memoir.
751 2180 778 2208 p.
802 2178 828 2209 7.
855 2172 908 2202 &c.

344 2212 389 2244 ig
409 2210 422 2237 ἃ
443 2219 470 2245 Ρ-
497 2218 563 2246 35¹·

341 2251 352 2281 ί
370 2250 388 2277 Ι)
407 2250 419 2285 )
444 2259 470 2286 p.
496 2259 560 2285 350.

339 2290 352 2323 (
370 2291 388 2318 le
405 2291 416 2325 )
439 2291 541 2318 Second
569 2293 701 2321 Memoir.
722 2293 742 2322 1.
766 2303 790 2323 c.
818 2294 844 2324 ἃ
859 2294 945 2330 hujus
955 2292 1051 2333 operis
1069 2302 1097 2324 n.
1127 2303 1176 2331 24.

338 2330 416 2367 (l)
439 2329 459 2359 1.
485 2339 508 2359 c.
533 2333 601 2368 Exp.
629 2342 694 2367 5¹5·
723 2342 781 2371 5¹7·
809 2341 875 2370 5¹8-
903 2345 968 2372 519-
998 2345 1064 2370 520·
1096 2345 1162 2372 52¹·
1194 2345 1262 2373 522.
1288 2343 1357 2374 523.

337 2372 419 2407 (m)
441 2372 511 2406 Exp.
535 2381 602 2406 512.
628 2381 693 2407 513.
724 2384 789 2409 514.
817 2377 874 2407 διε.
904 2386 933 2415 1³.
960 2382 1025 2413 388.
1049 2375 1108 2414 seq.

336 2412 413 2447 (n)
440 2409 614 2448 Offlnotom.
639 2412 711 2445 fatte
732 2415 798 2443 nelle
820 2418 1011 2455 Tartarugbe.
1035 2427 1062 2454 p.
1084 2420 1130 2454 67.
1157 2417 1299 2448 Caeterum
1321 2424 1412 2448 totam
1443 2418 1519 2451 hanc
1545 2416 1730 2458 quaestlonem
1755 2415 1812 2449 fuse
1838 2423 1902 2455 pere

290 2452 426 2486 narravit
446 2452 489 2483 Cl.
513 2452 530 2484 S
543 2464 552 2483 1
566 2463 581 2483 ε
594 2463 612 2483 a
629 2463 712 2487 was.
725 2464 745 2485 r
759 2464 779 2486 u
795 2466 806 2487 s
834 2456 865 2487 in
887 2456 947 2489 diff,
976 2458 1010 2488 de
1027 2457 1222 2501 antagonismo
1237 2458 1343 2497 fibrar.
1377 2459 1476 2491 cordis.
