2003 2748
275 108 303 141 4ς
473 97 597 141 1:13.
630 96 661 144 J,
715 91 900 143 ceap.
932 93 1519 141 ,HUMuELEMENTA
1565 79 1694 139 Fibra:

276 197 408 238 ollibus
434 197 649 240 extratlam‚
683 195 869 245 fragilibus
889 193 951 234 ‘his
979 193 1132 236 ostibus,
1168 195 1206 232 in
1230 193 1410 244 digestore
1430 193 1614 233 exhaustis
1633 195 1808 240 reddidit,
1834 204 1885 236 ata

274 270 345 309 que
373 257 565 296 duritatem
589 256 773 301 nativam,
800 255 838 294 &
859 261 976 293 totam
1002 252 1082 292 ossis
1106 252 1379 294 fimilitudinem
1403 254 1562 292 restituit.
1612 254 1715 293 Idem
1739 256 1811 294 fere
1830 257 1884 295 os-

266 317 390 357 ,tendit
415 317 552 355 summa
571 317 765 358 tenacitas,
801 325 880 364 quae
899 313 1051 352 nascitur
1069 342 1078 356 ,
1114 315 1257 363 quoties
1280 314 1408 364 gluten
1434 314 1479 352 de
1503 314 1655 364 pellibus
1675 317 1885 355 animalium

272 384 436 427 paratum
454 375 553 414 siccis
579 375 708 425 lignis,
744 373 943 424 chartisque
973 372 1226 423 interpositum
1255 374 1451 412 conservet.
1502 374 1556 412 Ab
1587 374 1719 412 eodem
1744 375 1885 423 glutine

274 435 441 474 elaterem
456 435 552 473 fibrae
570 435 666 483 (d),
695 435 732 472 ὃς
750 434 844 472 forte
863 433 1072 472 irritabilem
1096 441 1260 472 naturam
1278 435 1438 484 pendere
1460 434 1543 472 alibi
1567 434 1881 473 demonstrabitur.

332 494 452 544 Hujus
476 503 598 533 autem
623 494 772 544 glutinis
796 502 926 532 natura
947 506 1025 532 non
1055 492 1247 532 difficulter
1272 495 1465 532 invenitur.
1518 493 1717 532 Putrefazfta
1741 494 1785 532 de
1806 493 1886 532 offi-

272 557 339 598 bus
359 555 515 604 gelatina
540 554 666 605 sponte
691 553 860 604 putrescit
879 583 889 597 ‚
925 554 962 591 &
985 553 1138 591 volatilis
1157 553 1296 592 exhalat
1317 554 1396 601 (e).
1433 553 1664 592 Destillatum
1688 553 1734 591 de
1753 553 1886 592 ossibus

271 622 333 653 aut
370 615 480 653 ebore
512 613 601 663 gelu
634 614 752 652 reddit
779 626 934 664 aquam,
970 613 1015 651 sal
1041 614 1186 651 volatile
1211 643 1220 658 ‚
1257 615 1293 651 &
1322 613 1398 651 salis
1428 614 1557 651 marini
1588 621 1696 662 atque
1732 612 1796 650 fixi
1825 613 1887 650 ali-

272 681 450 725 quantum
472 672 547 723 (f)
567 686 575 710 z
605 674 766 724 ,idipsum
787 676 895 711 etiam
916 673 1046 721 gluten
1069 673 1231 712 chemica
1254 673 1401 723 analyfis
1419 673 1464 711 de
1483 673 1655 710 omnibus
1675 672 1887 711 animalium

270 735 431 785 partibus
450 762 460 776 ,
496 733 603 783 pilis,
637 734 849 783 unguibus,
885 734 1073 776 carnibus,
1110 732 1242 772 offibus
1271 733 1447 782 expellit,
1482 732 1619 781 semper
1653 731 1718 769 fibi
1748 731 1883 774 fimile,

271 793 399 832 salibus
423 805 468 831 ex
490 794 525 830 vi
550 794 644 841 iguis
666 795 781 836 natis,
809 805 896 832 cum
924 805 1014 843 aqua
1034 822 1044 837 ,
1081 794 1116 830 ὃς
1147 793 1231 831 oleo
1261 792 1515 843 compositum.
1560 790 1607 831 Et
1630 799 1758 829 ⁴tamen
1776 820 1785 834 ,
1820 789 1887 829 nisi

272 854 368 902 ignis
386 851 565 891 accesserit
580 881 588 895 ‚
617 860 664 892 ¹ut
688 853 860 891 albumen
882 852 971 891 solet
986 881 996 896 ‚
1029 853 1185 902 gelatina
1211 854 1375 892 animalis
1400 851 1550 901 insipida
1568 851 1624 888 est
1650 852 1686 889 &
1706 850 1882 892 inodora,

272 920 314 951 ut
337 910 440 951 facile
456 912 643 950 credamus
663 912 718 950 Cl.
739 914 817 951 viro
841 912 912 950 Tu
925 926 948 949 R
960 925 980 950 B
994 925 1012 950 E
1027 906 1050 950 iz
1062 925 1084 950 v
1100 925 1112 949 1
1126 925 1147 950 L
1161 925 1182 949 L
1194 924 1214 950 E
1236 913 1273 951 N
1286 926 1305 951 E
1319 926 1338 950 E
1353 926 1376 952 r)
1388 925 1413 950 Η
1425 925 1448 950 A
1461 924 1491 949 Μ
1507 918 1626 953 „tum
1645 910 1795 948 demum
1810 908 1886 949 suo-

273 984 337 1010 cos
362 971 564 1022 glutinosos
593 973 708 1022 probe
738 973 857 1015 alere,
891 972 1040 1021 quando
1069 971 1267 1010 maximam
1286 980 1426 1022 partem
1451 971 1574 1008 salium
1599 969 1748 1007 suorum
1773 969 1886 1018 depo-

272 1031 427 1074 suerunt.
475 1031 556 1069 Pars
582 1032 736 1081 plurima
759 1044 850 1081 aqua
875 1032 944 1074 est,
978 1032 1095 1081 aliqua
1121 1031 1264 1074 oleum,
1296 1032 1403 1080 hujus
1423 1032 1521 1069 enim
1542 1029 1587 1066 ad
1605 1029 1887 1078 glutinationem

273 1093 432 1130 maxima
456 1093 507 1128 vis
529 1091 580 1128 est
602 1091 680 1140 (g)
694 1119 704 1134 ,
734 1093 777 1133 ,ὃς
804 1089 915 1140 ipsam
939 1102 985 1132 ex
1004 1091 1087 1131 oleo
1108 1091 1240 1142 argillae
1263 1093 1492 1131 tenacitatem
1513 1100 1628 1140 nuper
1648 1088 1701 1129 Cl.
1723 1087 1849 1128 ELLE
1863 1101 1887 1127 ιε,

273 1150 361 1201 (h)
394 1151 554 1191 deduxit.

336 1209 408 1247 Sed
434 1211 540 1247 etiam
565 1211 653 1247 a'e‘ris
682 1211 719 1248 in
739 1211 817 1250 ‘hoc
839 1211 980 1260 glutine
1008 1222 1137 1259 magna
1162 1214 1285 1260 portio
1311 1212 1361 1249 est
1377 1240 1386 1255 ,
1421 1222 1530 1261 quam
1549 1208 1746 1247 inauditam
1766 1207 1887 1256 priscis

270 1269 383 1317 >hujus
404 1269 574 1307 elementi
593 1272 852 1319 proprietatem
879 1271 1070 1318 Stephanos
1090 1270 1250 1309 Hamzs
1266 1301 1275 1315 ‚
1312 1273 1365 1309 vir
1389 1271 1477 1320 saepe
1502 1283 1521 1308 a
1538 1268 1646 1306 nobis
1664 1266 1883 1309 laudandus,

276 1330 414 1378 primus
430 1358 439 1372 ‚
476 1336 515 1367 ut
534 1342 633 1367 nunc
653 1330 802 1379 quidem
831 1332 1002 1373 memini,
1038 1331 1145 1367 nobis
1167 1332 1314 1380 aperuit.
1368 1330 1514 1378 Nempe
1533 1340 1609 1366 non
1633 1329 1672 1365 in
1697 1326 1815 1364 fluidis
1832 1326 1888 1363 so-

273 1387 355 1426 lum
381 1390 545 1438 corporis
570 1389 721 1427 humaui
746 1392 906 1440 partibus
933 1395 992 1427 aer
1017 1390 1067 1427 est
1088 1418 1098 1432 ,
1134 1392 1197 1438 qui
1228 1391 1397 1428 elaterem
1427 1391 1464 1428 δε
1491 1396 1657 1426 naturam
1681 1384 1888 1435 compressi-2

276 1447 350 1485 lem
376 1448 562 1498 deposuit,
597 1449 641 1486 ab
670 1450 755 1497 igne
782 1461 869 1488 vero
885 1478 893 1492 ,
928 1449 1072 1498 aliisque
1092 1448 1200 1487 caulis
1217 1479 1226 1493 ,
1255 1450 1339 1487 alibi
1359 1449 1635 1489 enumerandis,
1665 1447 1703 1483 in
1725 1452 1889 1482 naturam

276 1507 537 1557 atmosphaerici
557 1509 644 1546 aeris
671 1508 826 1548 ssmilem
842 1509 1042 1546 >restituitur
1063 1522 1070 1545 :
1100 1508 1163 1545 sed
1184 1509 1361 1558 plurimus
1385 1510 1563 1550 omnino,
1596 1504 1756 1553 ejusdem
1783 1503 1906 1541 indo--

237 1561 239 1564 ⁴
277 1566 344 1609 lis,
380 1572 437 1604 aer
463 1566 574 1604 firmis
608 1570 772 1615 cor-poris
804 1568 966 1605 animalis
992 1567 1151 1615 partibus
1173 1569 1284 1610 inest,
1318 1580 1436 1616 exque
1452 1569 1495 1603 iis
1524 1575 1585 1604 aut
1603 1566 1699 1611 ignis
1728 1565 1794 1605 vi,
1829 1570 1889 1601 aut

278 1625 448 1663 solventis
474 1625 625 1674 liquoris
655 1626 854 1675 expellitur.
918 1624 1013 1663 Inest
1043 1632 1164 1662 autem
1200 1626 1272 1664 fere
1308 1639 1376 1675 pro
1408 1625 1534 1662 eadem
1568 1624 1740 1674 portione
1761 1649 1770 1664 ,
1818 1634 1890 1671 qua

273 1696 433 1735 quaeque
459 1686 622 1734 corporis
647 1685 808 1722 animalis
828 1684 1000 1733 particula
1023 1683 1162 1722 firmior
1189 1686 1237 1722 est
1254 1714 1262 1728 ,
1300 1686 1336 1722 ὃς
1361 1686 1398 1722 in
1423 1683 1555 1722 ollibus
1585 1681 1734 1733 quidem
1758 1681 1803 1718 ad
1824 1681 1889 1719 du-

281 1744 488 1793 centuplam
515 1744 653 1783 molem
678 1744 757 1782 ollis
777 1743 884 1793 ipslus
905 1745 989 1790 (i).
1041 1742 1095 1781 Ex
1115 1756 1229 1783 cornu
1254 1745 1350 1782 cervi
1372 1751 1474 1781 natus
1497 1748 1554 1781 aer
1573 1744 1680 1781 etiam
1707 1740 1890 1790 234plam

281 1804 421 1841 molem
448 1802 554 1853 ipsius
580 1816 696 1841 cornu
726 1803 866 1853 replet,
901 1803 937 1840 &
957 1831 966 1845 ‚
999 1801 1088 1840 dum
1115 1804 1153 1840 in
1177 1803 1248 1841 offe
1274 1804 1341 1841 fuit
1363 1832 1373 1846 ,
1410 1804 1484 1850 ejus
1512 1804 1624 1841 totius
1645 1801 1730 1838 fecit
1752 1807 1890 1850 partem

278 1863 467 1914 septimam
495 1864 582 1910 (le).
627 1862 783 1902 Videtur
811 1868 869 1903 aer
898 1861 1084 1900 vinculum
1110 1862 1375 1902 elementorum
1399 1863 1612 1912 primarium
1642 1860 1884 1902 constituere,

1800 1930 1888 1957 rcum

328 2072 691 2109 (d)PAv1.0wrsi<1
715 2073 748 2103 de
763 2072 843 2111 fibra
868 2073 960 2102 debili.

327 2115 386 2149 (e)
409 2114 435 2144 T
449 2125 461 2143 a
475 2125 483 2143 1
496 2124 513 2144 e
525 2124 544 2144 u
557 2125 578 2143 M
590 2125 604 2145 a
618 2125 637 2146 Y
651 2125 665 2144 ε
680 2125 696 2144 a
721 2116 923 2152 Anthropolog.
948 2123 975 2151 p.
998 2113 1047 2150 67.

327 2153 390 2191 (f)
412 2155 511 2185 Geor
525 2165 541 2184 R
555 2165 590 2185 οι
610 2178 618 2192 ,
641 2157 737 2187 Mem.
756 2157 789 2185 de
807 2155 918 2186 l'Acad.
942 2156 1011 2191 Ray.
1034 2154 1080 2184 des
1102 2154 1204 2185 Scienc.
1237 2162 1321 2190 1732.
1347 2163 1363 2184 a
1382 2153 1530 2192 principio.

328 2196 391 2233 (g)
414 2196 440 2225 P·
462 2206 517 2225 van
542 2195 648 2226 Muss
662 2207 679 2226 c
694 2207 712 2226 u
726 2207 739 2226 ις
752 2207 773 2226 N
785 2208 799 2226 n
811 2206 859 2226 ito
872 2206 915 2226 nc
927 2206 947 2225 κ
966 2195 1052 2232 instit.
1065 2195 1166 2234 physic.
1186 2205 1231 2234 ¹9·
1257 2194 1336 2225 Idem
1357 2195 1398 2225 vir
1416 2194 1481 2224 clar.
1499 2195 1531 2223 de
1542 2189 1635 2231 coh-est
1652 2199 1758 2230 corpor.
1777 2201 1805 2230 p.
1819 2199 1887 2229 435.

280 2236 427 2270 ostendit,
452 2244 484 2266 ut
501 2236 672 2267 cohaefiones
693 2245 849 2275 augeantur
869 2236 1005 2267 interfusa
1022 2246 1115 2275 aqua,
1145 2235 1193 2266 sed
1210 2237 1299 2275 magis
1319 2235 1354 2266 ab
1376 2235 1512 2266 interfuso
1530 2235 1603 2264 oleo.

327 2277 340 2313 (
350 2278 390 2313 h)
413 2279 505 2309 Msem.
533 2279 565 2306 de
582 2278 695 2308 l’Acad.
720 2280 766 2308 des
786 2280 888 2309 Scieizc.
907 2279 941 2307 de
965 2278 1061 2308 Berlin
1078 2300 1086 2314 ‚
1118 2287 1207 2317 1749.

327 2316 388 2355 (ι’)
411 2319 539 2357 Aimissffis
560 2317 595 2355 os
607 2319 653 2349 tbe
674 2321 719 2348 air
740 2320 770 2349 in
794 2320 835 2350 Cl.
856 2318 1193 2357 viriNVegetuhlestatt'ks
1214 2318 1244 2348 C.
1261 2318 1310 2349 Vl.
1334 2319 1473 2355 Experim.
1497 2326 1561 2353 ¹¹9.
1587 2325 1614 2352 p.
1634 2318 1702 2352 296.
1728 2315 1785 2345 ἀς.

325 2359 385 2397 (k)
407 2360 479 2390 lbid.
498 2361 567 2397 Exp.
593 2369 655 2395 ¹5¹·
678 2359 796 2391 Confer.
814 2363 845 2397 J.
866 2360 985 2397 Theoph.
1011 2359 1035 2390 D
1048 2370 1061 2390 ε
1073 2371 1085 2389 s
1099 2369 1178 2392 Λευ
1190 2371 1207 2389 ι,
1219 2370 1255 2390 18
1267 2369 1284 2389 ιι
1302 2369 1315 2390 s
1334 2360 1364 2389 in
1378 2356 1479 2397 Philofi
1497 2355 1645 2397 Tranjhd'l.
1664 2363 1766 2394 n.454.
1786 2360 1886 2394 P·¹78·

282 2403 315 2432 ἁ
334 2401 364 2431 in
385 2400 511 2438 ejusdem
536 2399 684 2439 courfios
693 2404 822 2438 experim.
850 2399 952 2440 Philqfi
976 2401 1042 2433 Vol.
1060 2400 1097 2435 Π.
1121 2412 1151 2442 p.
1168 2410 1238 2441 403.
1265 2402 1293 2432 δε
1315 2400 1491 2432 Baowm
1513 2399 1538 2431 1:
1548 2403 1600 2430 ΑΝ
1613 2407 1632 2430 ο
1644 2408 1663 2429 ιι
1675 2407 1710 2429 ιε
1722 2407 1746 2429 u
1772 2394 1808 2436 of
1817 2392 1891 2435 miff-

286 2442 336 2472 cul
353 2444 461 2473 motion
482 2443 512 2472 in
538 2442 611 2473 Phil.
639 2440 743 2484 Trmgfi
751 2439 846 2483 steppl.
875 2452 953 2482 ¹747
977 2452 1004 2481 p.
1027 2450 1055 2481 7.
