2003 2748
312 178 393 215 170
852 160 1399 205 Linrzvasa

306 262 384 301 visa.
421 262 506 301 Huc
522 261 704 310 perti-nent
730 260 840 298 etiam
859 266 1024 298 tumores
1044 259 1277 309 lymphatici,
1309 259 1354 297 ab
1366 259 1469 297 omni
1482 258 1737 308 glandularum
1751 260 1907 311 congio„

305 322 468 360 batarum
498 321 627 357 vicinia
654 321 796 357 remoti.
832 319 860 358 A
884 319 1019 369 pollice
1043 319 1087 356 ad
1117 331 1266 368 carpum
1290 326 1438 357 euntem
1466 318 1557 356 vidit
1585 319 1758 357 Antonius
1781 319 1851 361 De
1866 333 1900 358 1·-

307 393 332 420 υ
348 393 358 418 ι
374 392 430 418 εκ
457 379 512 427 <h
532 380 580 426 ),
616 379 682 416 &
673 391 714 416 in
731 391 777 416 eo
798 380 910 418 multa
929 378 1006 416 vasa
1024 378 1243 428 lymphatica
1265 376 1506 416 tumidiffinm.
1543 377 1588 416 ln
1615 378 1750 417 brachii
1776 385 1901 419 tunm„¹

305 452 343 477 xe
355 439 474 477 fimiiis
486 450 615 477 eorum
626 437 854 478 vasculorum
879 438 995 477 moles
1021 439 1040 485 (
1056 439 1112 486 i).
1147 437 1230 478 Fuit
1251 439 1289 477 in
1318 436 1468 475 cervicis
1483 444 1628 476 tumore
1645 439 1806 481 tunicato
1823 450 1903 478 me-

305 510 366 536 vas
382 497 644 549 lymphaticum
667 499 686 546 (
703 498 726 535 k
742 498 774 545 )

364 556 538 608 Denique
556 555 681 606 paffim
703 556 781 594 vasa
804 556 1026 606 lymphatica
1051 564 1191 607 reperta
1219 556 1301 598 sunt
1317 585 1328 601 ,
1369 569 1449 612 quae
1468 557 1644 611 nusquam
1664 557 1773 597 uuam
1798 556 1903 608 glan-3.

308 615 430 655 daiam
455 617 668 666 conglobati
693 619 837 666 genens
862 616 1076 658 subierunt(
1096 616 1111 654 l
1125 625 1149 666 >-

421 730 453 772 §—
490 725 508 765 1
526 725 578 765 X.
646 725 757 766 Fines.
796 724 945 773 systema
962 725 1131 776 vasorum
1146 724 1436 774 h'tnphaticormn
1459 727 1497 763 in
1512 731 1596 763 artu
1611 724 1784 775 infcriori,

366 826 519 864 Radices
545 826 581 865 &
610 826 794 875 originem
818 825 985 864 vasorum
1014 824 1324 876 lyinphaticorum
1355 826 1514 867 diximus
1532 853 1541 869 ,
1583 825 1695 864 finem
1720 825 1771 864 est
1798 831 1839 864 ut
1863 838 1903 865 e-

308 898 515 928 narremus,
545 890 621 936 quo
646 887 684 923 in
706 886 918 935 sanguinent
938 885 1036 923 suam
1055 885 1242 936 lympham
1270 893 1482 923 exonerant.

370 944 466 994 Ergo
489 957 532 983 eo
562 944 677 982 modo
707 953 786 982 nata
800 973 808 987 ,
845 957 919 995 quo
941 944 1037 988 dixi,
1078 943 1214 982 vascula
1235 944 1370 982 venoso
1392 957 1494 981 more
1511 945 1550 981 in
1571 944 1760 982 trunculos
1775 941 1902 983 sensim

309 1006 464 1052 majores
477 1003 688 1048 confluunt,
715 1004 760 1042 ad
781 1004 921 1042 easdem
935 1003 1007 1041 fere
1023 1031 1031 1046 ‚
1064 1003 1197 1053 quibus
1215 1015 1314 1041 venae
1329 1031 1338 1046 ,
1372 1003 1470 1052 leges
1486 1031 1496 1046 ‚
1528 1009 1570 1043 ut
1581 1003 1739 1041 trunculi
1753 1004 1903 1053 paucio-³

311 1076 366 1101 res
383 1076 428 1102 ex
439 1063 603 1113 plurimis
615 1065 720 1101 ramis
738 1063 924 1101 nascantur
938 1091 947 1105 ,
971 1064 1007 1100 &
1022 1062 1159 1099 lumine
1170 1061 1233 1099 suo
1249 1062 1474 1111 angustiores
1487 1061 1566 1104 flur,
1588 1074 1698 1112 quam
1714 1063 1762 1100 est
1777 1062 1905 1100 lumen

311 1135 498 1161 ramorum
525 1121 628 1161 fimul
649 1122 817 1161 sumtum.
853 1121 986 1160 Amant
1010 1128 1131 1162 autem
1150 1122 1316 1159 comitari
1327 1121 1403 1159 vasa
1430 1122 1560 1164 rubra,
1591 1129 1630 1159 ut
1660 1123 1698 1161 in
1730 1120 1903 1170 exemplo

313 1195 439 1220 cavam
451 1194 578 1220 venam
595 1210 604 1225 ,
640 1190 778 1220 aortam
799 1183 963 1219 arteriam
980 1209 989 1224 ‚
1027 1181 1064 1218 &
1090 1180 1306 1218 subclaviam
1322 1208 1330 1223 .
1368 1181 1405 1218 δε
1430 1179 1506 1218 vasa
1539 1181 1647 1218 rubra
1673 1192 1812 1219 renum.
1859 1178 1905 1219 In

311 1243 459 1280 artubus
489 1242 601 1289 longe
625 1241 755 1290 absque
785 1240 966 1289 glandulis
996 1251 1170 1278 venarum
1196 1237 1384 1278 ssmillimae
1411 1239 1610 1282 incedunt,
1654 1251 1739 1277 cum
1760 1240 1797 1278 in
1823 1245 1904 1275 artu

310 1300 462 1350 quidem
497 1299 659 1338 inferiori
688 1302 812 1350 primae
843 1298 1023 1348 glandulae
1053 1299 1091 1335 in
1116 1298 1256 1348 poplite
1280 1300 1502 1348 reperiantur
1522 1326 1531 1341 ,
1573 1299 1611 1336 in
1640 1298 1788 1336 brachio
1814 1307 1902 1335 vero

308 1361 436 1409 primae
468 1360 606 1408 bicipiti
633 1359 796 1397 musculo
830 1358 932 1408 supra
964 1358 1078 1396 cubiti
1105 1356 1305 1395 flexionem
1336 1359 1569 1407 inponantur.
1605 1355 1739 1401 Eadem
1764 1358 1903 1394 ratione

309 1418 424 1466 longe
469 1418 600 1469 absque
631 1418 806 1456 divifione
831 1430 890 1468 per
935 1417 1122 1467 glandulas
1160 1416 1335 1466 progredi
1374 1415 1512 1457 necesse
1542 1417 1591 1454 est
1634 1429 1674 1454 ea
1711 1415 1787 1454 vasa
1809 1416 1904 1465 lym-

308 1478 451 1528 phatica
466 1507 475 1520 ,
502 1490 582 1527 quae
609 1481 645 1518 in
673 1478 780 1516 dorso
799 1490 876 1516 non
893 1477 1043 1527 quidem
1079 1483 1248 1513 anatome
1273 1476 1454 1518 ostendit,
1489 1475 1568 1514 satis
1589 1482 1709 1513 tamen
1733 1475 1905 1525 probabi-

308 1536 336 1576 li
367 1537 573 1584 conjet‘iura
612 1536 726 1574 adeffe
764 1537 1003 1586 suspicamur:
1056 1547 1137 1574 tum
1165 1548 1225 1578 ea,
1264 1548 1344 1585 quae
1369 1537 1463 1573 circa
1488 1535 1671 1573 musculos
1696 1535 1902 1573 abdominis

310 1598 467 1634 exterius
491 1608 599 1646 quam
624 1596 964 1646 peritonaeun1‚&
989 1597 1026 1633 in
1052 1595 1196 1644 pecffore
1224 1602 1377 1632 externo
1405 1596 1582 1633 oriuntur.
1622 1593 1712 1632 Haec
1730 1594 1824 1640 adeo
1844 1605 1906 1631 va-

308 1655 343 1693 sa
360 1663 486 1705 praeter
505 1656 688 1705 liquorem
705 1654 1150 1704 suun1,crebrioresque
1173 1654 1349 1697 valvuias
1356 1666 1397 1692 ve
1400 1665 1531 1692 imum
1558 1654 1751 1692 rubratam
1775 1652 1901 1691 similia

309 1713 400 1754 sunt.
437 1713 507 1751 Sed
530 1726 651 1753 eamus
680 1727 745 1765 per
771 1714 918 1764 singula.

369 1773 412 1812 In
441 1774 587 1816 attubus
607 1786 797 1824 nunquam
814 1774 964 1825 quidem
991 1773 1066 1812 vasa
1086 1773 1306 1824 lymphatica
1326 1772 1425 1811 vidi:
1463 1774 1508 1812 ab
1527 1772 1760 1818 inferioribus
1782 1777 1904 1812 tamen

308 1834 458 1872 artubus
489 1832 641 1872 Thomas
660 1831 687 1873 B
699 1845 722 1871 A
741 1847 763 1871 a
780 1845 805 1872 'r
819 1845 843 1869 u
858 1844 881 1872 o
897 1845 918 1869 L
935 1845 947 1870 1
962 1845 988 1871 N
1005 1845 1026 1870 υ
1041 1845 1055 1869 s
1082 1832 1262 1881 pellucida
1287 1831 1346 1872 sua
1369 1832 1529 1875 vascula,
1569 1844 1676 1870 venas
1691 1833 1814 1869 rubras
1842 1842 1905 1879 pe-

311 1892 368 1930 dis
393 1894 568 1930 comitant
571 1893 603 1930 ia
627 1893 645 1939 (
662 1893 733 1941 m)
763 1890 951 1952 descripsit.
987 1891 1040 1930 ln
1055 1902 1118 1928 ΒΜ
1147 1891 1201 1927 vir
1222 1889 1278 1928 Cl.
1305 1891 1395 1938 (n)
1419 1891 1457 1927 in
1475 1890 1731 1940 cercopitheco
1758 1891 1795 1927 ἃ
1813 1888 1907 1926 indi-

311 1963 358 1989 co
385 1951 476 2000 glire
506 1951 597 1990 vidit
625 1963 690 2000 per
721 1963 823 1989 crura
851 1941 991 1988 minuta
1019 1949 1124 1992 vasa,
1166 1949 1203 1987 &
1239 1950 1338 1999 prius
1368 1947 1587 1992 desinentia,
1624 1961 1735 1999 quam
1769 1949 1905 1996 digitos

311 2010 550 2059 adtingerent.
589 2009 724 2049 Eadem
746 2007 884 2048 vascula
899 2009 1025 2052 addit,
1062 2008 1162 2046 iliaca
1188 2007 1265 2046 vasa
1288 2008 1357 2045 suis
1372 2009 1516 2046 circulis
1535 2007 1716 2052 ambiisse,
1749 2008 1784 2045 ὃς
1805 2007 1907 2055 glan-

312 2069 414 2107 dulas
432 2070 668 2119 conglobatas
694 2069 897 2109 mesenterii
929 2068 1022 2116 (o)
1060 2065 1189 2109 adiiss'e.
1238 2066 1410 2117 Denique
1444 2075 1568 2113 cutem
1601 2069 1695 2111 inter
1738 2067 1774 2105 &
1803 2066 1906 2106 ilium

310 2128 497 2174 musculos
521 2128 648 2168 inem
675 2129 855 2178 ejusmodi
879 2125 1021 2175 vascula
1047 2126 1154 2177 vidit„

1817 2182 1905 2224 Por-

457 2241 603 2282 Phafiolog.
627 2255 655 2284 p
681 2254 752 2284 423.

460 2285 530 2314 lbid.
551 2295 577 2321 p.
599 2296 639 2320 4ι
666 2296 716 2321 4².

459 2326 807 2360 Keteeumm·.t1tnic.
831 2336 860 2358 u.
884 2336 909 2359 ἰ.

419 2245 432 2278 Ἰ

398 2287 436 2322 )

388 2327 488 2402 ))(;
516 2366 624 2398 neas
657 2374 737 2397 anat
763 2369 853 2399 anim
878 2376 905 2407 p.
928 2375 974 2408 25
1003 2367 1099 2415 colle3.
1117 2367 1223 2406 prim
1248 2363 1336 2409 Amst
1358 2364 1462 2407 nbfip.
1493 2375 1538 2409 35

380 2406 748 2483 ‚›1))L161.thorcaic.p.
783 2413 832 2446 38.

388 2489 436 2527 ⁰)

459 2448 630 2484 lymplntic.
652 2448 724 2477 hom.
749 2459 775 2486 p.
808 2457 855 2486 54.

459 2490 510 2527 Ly
512 2490 886 2529 nfhmc.bmtor.p.17.
918 2493 964 2533 ³8
