2003 2748
234 120 316 170 482
558 125 562 132 ·
763 113 920 155 1:1ss.
985 110 1088 155 IV.
1154 110 1334 156 coa:

232 220 280 257 ris
304 215 451 255 animati
481 214 517 253 in
548 213 662 264 prima
689 213 834 262 origine
861 212 1086 251 voluntarios
1110 211 1239 251 fuisse:
1275 224 1403 253 eorum
1431 209 1599 265 aliquos,
1633 211 1739 267 ''quod
1760 228 1840 269 per.

231 285 345 327 petuo
363 284 613 326 repeterentur
626 302 634 316 ,
669 285 733 323 per
758 272 1062 311 consuetudinem
1080 286 1165 311 eum
1182 274 1219 310 in
1233 280 1355 312 mente
1373 274 1492 314 astum
1503 275 1840 321 reflexum,amifi[se

234 337 296 385 (z)
308 366 317 380 ,
347 347 457 386 quem
472 333 715 382 conscientiam
732 344 914 371 vocamus.
941 332 1066 379 Quare
1083 335 1189 371 etiam
1206 333 1290 370 alibi
1302 341 1426 372 motus
1438 335 1653 374 musculares
1667 339 1843 377 omnium

235 395 407 434 consensu
425 395 573 432 arbitrio
595 399 772 442 reguntur
790 422 799 436 ‚
837 394 873 430 &
890 400 1011 430 tamen
1028 393 1158 442 absque
1183 392 1402 432 conscientia
1428 396 1556 433 animae
1570 403 1730 445 pergunt
1749 409 1837 447 pro-

235 456 339 497 duci,
376 453 546 503 exemplo
573 453 784 491 nictantium
813 452 1078 502 palpebrarum.
1113 452 1188 490 Alia
1206 454 1314 491 etiam
1339 453 1524 492 subtiliora
1552 456 1763 506 producunt
1790 456 1837 494 de

233 516 361 552 animae
389 514 625 562 cognitione,
661 524 730 562 qua
749 511 879 550 viscera
901 512 958 551 sua
979 513 1016 550 ὃς
1031 514 1224 562 proprium
1241 525 1373 562 corpus
1396 514 1577 553 intellectu
1605 527 1698 565 puro
1720 517 1838 565 perci-

232 575 307 624 pit,
343 572 480 623 sibique
499 572 723 622 repraesentat
745 571 875 622 absque
891 573 1106 610 ratiocinio:
1143 572 1260 622 deque
1289 572 1425 612 reflexo
1449 574 1514 613 illo
1536 575 1634 618 aaa,
1668 587 1744 625 quo
1769 577 1838 614 ob-

233 633 321 682 jetra
338 641 437 671 extra
451 632 483 670 se
502 631 633 682 possta‚
667 644 753 670 cum
771 631 989 670 conscientia
1015 632 1082 670 suae
1100 631 1324 676 sensationis,
1361 635 1489 671 animae
1525 635 1698 684 adparent
1729 635 1787 683 (a
1804 632 1832 686 ).

294 692 519 743 Nuperiores
543 692 601 732 ST
618 704 679 729 Au
694 704 713 728 L
728 703 814 728 IAN
831 704 843 728 1
873 692 1040 729 haetenus
1074 704 1092 728 a
1115 693 1297 741 prioribus
1325 692 1432 740 hujus
1467 692 1564 731 sectae
1597 697 1758 743 patronis
1782 707 1838 732 re-

233 753 390 796 cedunt,
425 760 466 791 ut
490 751 681 790 consilium
712 751 748 788 &
770 751 955 788 rectricem
974 751 1181 801 sapientiam
1207 753 1334 789 animae
1350 759 1506 802 negent,
1543 760 1714 792 caeterum
1735 767 1838 792 men-

233 814 263 850 ti
288 812 428 851 sensum
455 812 659 861 relinquant
689 811 943 854 incommodi,
979 818 1086 860 atque
1118 823 1163 849 ex
1191 824 1236 850 eo
1269 810 1368 850 sensu
1398 819 1519 850 natam
1549 813 1841 852 contractionem

232 872 332 911 fibrae
345 873 508 910 motLicis
521 901 531 915 ,
565 884 635 922 qua
652 869 905 920 fimpliciilima
924 871 1064 909 actione
1081 876 1156 908 tota
1177 873 1248 909 vita
1269 871 1423 910 constet.
1456 871 1541 910 Huc
1566 873 1730 922 inprimis
1768 872 1841 911 Ro-

235 931 355 970 bertus
372 930 575 970 WHYTT
599 930 722 968 referri
753 938 912 968 meretur
943 929 1033 980 (b)
1049 959 1058 973 ,
1094 942 1222 979 parum
1247 944 1266 968 a
1295 932 1403 969 nobis
1431 930 1611 976 diversus,
1645 932 1710 970 nisi
1736 932 1840 982 quod

234 991 511 1032 irritabilitatem
524 1002 609 1028 cum
629 989 727 1027 sensu
746 992 967 1039 conjungat,
1006 1002 1158 1040 eamque
1184 992 1260 1027 vim
1274 1003 1353 1029 non
1379 1000 1399 1029 a
1424 992 1589 1041 corporis
1612 993 1730 1042 aliqua
1754 1003 1840 1042 pro-

235 1053 410 1101 prietate,
435 1050 496 1088 sed
521 1051 564 1088 ab
581 1051 698 1088 anima
728 1049 886 1093 derivet,
922 1062 1002 1100 quae
1032 1050 1076 1088 ab
1104 1051 1350 1089 incommodo
1378 1058 1553 1101 percepto
1570 1051 1623 1096 se,
1659 1051 1840 1091 contracta

235 1110 347 1155 fibra,
382 1110 551 1150 vindicet.

297 1169 378 1220 Ego
408 1183 496 1209 vero
523 1170 545 1209 S
559 1183 582 1208 T
596 1183 619 1208 A
632 1183 657 1207 H
669 1183 689 1208 L
703 1182 742 1208 11
770 1170 949 1208 theoriam
962 1170 1051 1221 saepe
1069 1170 1264 1210 meditatus
1279 1201 1289 1215 ,
1326 1185 1404 1211 non
1420 1171 1505 1210 ideo
1521 1184 1601 1210 non
1619 1172 1844 1222 amplector?

236 1231 341 1282 quod
362 1232 539 1269 contraria
563 1230 754 1281 hypothesi
782 1232 820 1268 in
848 1229 874 1268 B
887 1243 910 1269 o
923 1243 942 1268 E
957 1244 978 1268 R
992 1243 1018 1268 H
1033 1243 1052 1267 A
1067 1244 1089 1268 A
1103 1244 1125 1268 v
1140 1244 1152 1268 1
1167 1244 1181 1268 1
1216 1231 1336 1283 schola
1366 1233 1507 1280 juvenis
1535 1244 1594 1268 me
1627 1231 1741 1281 paffus
1775 1231 1840 1269 fim

237 1291 364 1328 imbui.
401 1290 490 1328 Satis
512 1292 610 1328 enim
630 1291 753 1328 multis
767 1290 942 1340 exemplis
958 1290 1120 1334 ostendi,
1153 1283 1326 1344 favoreni'
1337 1290 1398 1332 PR
1409 1304 1439 1329 Ε
1455 1303 1475 1328 c
1488 1303 1507 1327 E
1521 1303 1540 1327 P
1553 1303 1577 1328 T
1591 1303 1613 1328 o
1627 1303 1653 1329 R
1666 1304 1678 1328 1
1690 1305 1725 1334 s,
1759 1290 1841 1340 post

238 1351 388 1399 triginta
404 1351 569 1400 inprimis
594 1363 613 1387 a
633 1351 704 1389 vita
725 1362 805 1388 mea
822 1349 986 1388 Leidenfi
1021 1363 1136 1388 annos
1156 1380 1166 1394 ,
1202 1362 1280 1388 non
1309 1363 1368 1391 me
1394 1352 1569 1392 retinere,
1606 1352 1751 1400 quoties
1782 1361 1843 1387 ve-

239 1411 271 1447 ri
291 1422 365 1448 vox
386 1411 422 1447 &
443 1417 576 1448 naturae
597 1409 668 1447 alio
689 1422 748 1447 me
767 1416 904 1447 avocat.
940 1409 1012 1447 Hic
1032 1417 1153 1448 autem
1179 1403 1426 1460 experimenta
1448 1422 1528 1448 mea
1550 1422 1626 1447 non
1643 1408 1763 1449 finunt
1782 1421 1842 1447 me

238 1469 263 1507 S
275 1481 299 1506 T
311 1482 333 1507 A
345 1481 370 1506 Η
384 1481 404 1506 L
419 1482 431 1506 1
446 1481 458 1506 1
473 1469 684 1507 sententiam
710 1469 883 1518 amplecii.
1326 1461 1329 1463 Α

298 1526 342 1567 Et
359 1531 519 1579 primum
539 1528 797 1567 evidentiffima
816 1529 936 1567 cordis
950 1530 993 1567 ab
1015 1531 1087 1568 acri
1100 1529 1313 1569 mechanico
1341 1537 1401 1570 aut
1426 1531 1594 1569 chemico
1615 1531 1740 1569 irritati
1762 1538 1846 1568 mo-‘

239 1588 357 1627 bilitas
379 1601 601 1638 corporeum
623 1590 745 1638 potius
767 1589 972 1632 stimulum,
1009 1603 1118 1640 quam
1142 1591 1293 1640 quidem
1317 1592 1360 1628 ab
1382 1593 1500 1629 anima
1526 1590 1748 1641 pendentem
1781 1601 1843 1627 en-

239 1648 453 1691 telechiam,
486 1661 549 1686 cor
571 1650 608 1686 in
641 1656 786 1687 motum
816 1651 909 1687 ciere
933 1649 1064 1688 suadet.
1101 1650 1197 1688 Nam
1225 1652 1392 1700 quietum
1408 1652 1515 1688 etiam
1530 1663 1613 1692 cor,
1648 1663 1667 1688 a
1683 1650 1749 1687 sale
1768 1648 1844 1687 ads-

240 1708 366 1758 perso,
396 1715 456 1746 aut
472 1721 491 1747 a
515 1708 760 1758 qualicunque
788 1710 988 1747 irritatione
1003 1710 1047 1747 ad
1069 1718 1214 1748 motum
1232 1710 1343 1755 redit,
1380 1713 1487 1749 etiam
1508 1717 1717 1753 exemtum,
1751 1720 1844 1759 aque

241 1769 349 1804 omni
371 1769 498 1805 animae
522 1769 658 1805 auxilio
680 1777 866 1806 remotum
890 1771 937 1816 (c
950 1772 978 1817 ).
1014 1768 1129 1808 Porro
1149 1769 1390 1820 metaphyfica
1411 1770 1468 1808 illa
1486 1770 1540 1808 Cl.
1557 1821 1561 1825 .
1577 1771 1645 1807 viri
1664 1768 1843 1819 expolitio

242 1838 320 1864 non
332 1825 491 1874 adsignat
518 1826 656 1863 causam
670 1839 906 1874 corpoream,
944 1841 1052 1877 quare
1073 1841 1209 1877 organa
1240 1829 1358 1866 vitalia
1374 1859 1384 1872 ,
1418 1831 1455 1867 &
1473 1842 1538 1867 cor
1555 1830 1740 1877 inprimis,
1763 1838 1844 1876 per-

241 1893 354 1936 petuo
367 1885 505 1922 alterno
524 1892 630 1922 motu
655 1885 769 1932 magis
788 1887 993 1933 agitentur,
1029 1899 1138 1936 quam
1159 1884 1309 1936 quidem
1339 1887 1404 1924 alia
1430 1889 1564 1936 quaevis
1581 1889 1745 1935 corporis
1769 1888 1844 1923 ani-

237 1947 329 1984 mati
357 1957 449 1983 caro.
486 1943 619 1982 Procul
644 1943 758 1982 dubio
779 1956 867 1981 vero
893 1944 942 1981 est
965 1946 1002 1981 in
1025 1945 1136 1982 corde
1165 1946 1283 1996 aliqua
1314 1948 1460 1995 propria
1483 1945 1670 1989 conditio,
1708 1957 1754 1984 ex
1775 1957 1847 1995 qua

243 2005 401 2043 alacritas
422 2005 466 2042 ad
493 2012 658 2048 motum,
697 2005 733 2042 δε
758 2003 988 2053 infatigabilis
1005 2005 1222 2048 constantia,
1257 2005 1422 2054 pendeat.
1460 2005 1579 2052 Quod
1605 2007 1703 2043 enim
1728 2005 1846 2043 solum

241 2065 335 2101 inter
353 2076 482 2102 omnes
501 2064 702 2106 musculos,
738 2064 836 2101 nulla
862 2064 994 2101 alterna
1010 2066 1134 2114 requie
1163 2065 1423 2108 refocillatum,
1461 2065 1570 2103 noctu
1598 2065 1754 2115 diuque,
1790 2070 1847 2103 tot

243 2126 344 2162 annis
359 2154 368 2168 ,
398 2125 528 2174 absque
542 2125 612 2163 ulla
625 2123 843 2167 lassitudine,
879 2131 939 2162 aut
958 2125 1086 2163 dolore
1103 2125 1200 2169 ullo,
1221 2126 1258 2162 in
1277 2132 1383 2163 motu
1409 2126 1553 2163 edendo
1568 2125 1722 2175 perstet,
1760 2136 1846 2162 cum

1767 2196 1848 2221 om-

285 2273 358 2310 (ε)
382 2275 551 2307 Κιοιηγ
575 2276 661 2315 osthe
684 2275 1106 2316 br.1i12p.163.PoaTnn
1126 2287 1287 2308 rrssLns
1307 2277 1324 2307 l.
1347 2288 1372 2308 c.
1398 2288 1425 2317 p.
1465 2287 1533 2315 2¹4·
1564 2286 1632 2314 215.
1663 2279 1730 2307 216.
1751 2275 1844 2307 BoNn

246 2314 281 2354 of
294 2318 340 2345 the
366 2318 525 2354 nigtlrmare
550 2329 577 2356 p.
605 2329 653 2357 70.
684 2320 737 2349 &Q

286 2358 300 2393 (
316 2369 333 2386 ιι
351 2358 365 2392 )
388 2358 404 2388 S
416 2368 435 2386 τ
451 2369 469 2387 Α
486 2369 504 2388 n
522 2372 537 2389 L
562 2360 661 2389 Theor.
691 2356 775 2391 Med-
794 2366 820 2392 Ρ.
848 2360 914 2388 266.
939 2357 986 2394 ,Iu
1000 2369 1022 2388 κ
1036 2370 1055 2389 K
1068 2370 1085 2390 L·
1098 2369 1119 2389 R
1142 2357 1270 2398 conspec‘l.
1298 2358 1447 2398 Pllysz'olog.
1467 2370 1496 2399 p.
1523 2363 1578 2391 126
1603 2359 1677 2398 seqq.

285 2398 360 2435 (h)
383 2397 415 2427 ln
445 2407 566 2439 utroque
589 2410 675 2437 opere
700 2410 735 2428 on
764 2397 840 2426 vital
857 2401 978 2428 motioni·
994 2418 1003 2433 ‚
1026 2402 1052 2431 Sc
1079 2401 1273 2440 physiologica!
1296 2398 1375 2441 gyc'zy.

287 2439 341 2476 (ie
356 2441 368 2476 )
392 2440 477 2470 Conf.
497 2441 523 2472 T
536 2452 553 2471 a
565 2451 583 2471 Λ
599 2452 614 2471 L
628 2452 644 2470 L
658 2451 673 2471 Β
688 2450 700 2471 s
724 2442 854 2471 Examen
876 2445 989 2472 terreor.
1010 2452 1037 2480 p.
1062 2451 1130 2481 317.
