2003 2748
325 86 509 131 SEC'T.
549 80 1496 131 VCAUSSAEMOTUSCORDIS.
1648 104 1722 139 501

118 187 218 229 causa
238 189 327 226 novi
351 196 485 226 motus.
527 185 662 225 Eadem
689 186 824 223 arteriae
850 192 959 223 aortae
976 186 1175 223 contrastio
1201 187 1341 236 inpellit
1364 187 1578 237 sanguinem
1605 188 1642 225 in
1664 200 1726 227 co-

118 261 277 288 ronarias
305 250 448 285 arterias
465 276 473 290 ,
507 259 590 285 cuni
613 247 656 284 ab
681 255 780 283 aorta
807 245 1028 293 retropulsus
1059 247 1097 282 in
1123 245 1217 282 finus
1239 247 1439 286 valvulosos
1457 248 1610 297 pellatur
1626 277 1634 290 ‚
1672 250 1726 286 in-

121 321 191 359 que
213 309 254 345 iis
285 307 430 345 sinubus
457 314 576 355 aperta
595 307 802 344 arteriarum
827 307 1100 342 coronariarum
1134 305 1221 343 ostia
1246 305 1393 349 subeat,
1424 308 1461 345 &
1478 311 1514 345 in
1532 320 1654 345 earum
1674 320 1726 346 ra-

120 380 225 410 mos,
245 368 356 416 inque
384 367 504 405 cordis
523 366 672 403 demum
690 377 813 402 carnes
846 372 973 401 vemat.
1010 363 1146 401 Renata
1171 366 1219 401 est
1243 367 1334 404 adeo
1363 367 1509 416 systoles
1528 368 1650 405 cordis
1677 368 1726 404 al.

120 438 193 466 tera
215 427 313 465 causa
329 456 338 470 ‚
374 425 531 464 arteriofi
558 437 691 473 nempe
716 424 898 472 sanguinis
915 436 1030 473 penus
1049 452 1058 466 ‚
1101 423 1259 472 sequitur
1274 453 1282 467 ‚
1329 434 1368 463 ut
1385 439 1449 464 cor
1469 429 1722 471 contrahatur.

120 486 345 526 contractum
381 498 465 523 vero
498 484 562 522 fibi
601 484 663 532 ipss
688 483 829 522 causam
862 484 1118 521 contratiionis
1142 485 1285 522 auferat.
1319 484 1405 523 Haec
1429 490 1467 523 iu
1488 488 1601 524 editis.
1627 488 1724 527 Num

119 549 157 586 in
175 544 537 594 p7·aelet}i0nil7u.vsuis
563 542 700 580 solebat
720 542 875 586 addere,
914 544 1055 579 tertiam
1082 544 1221 580 causam
1241 573 1250 586 ,
1295 556 1374 593 quae
1404 558 1467 583 cor
1499 557 1608 596 cogat
1635 560 1725 585 con-

118 607 231 649 trahi,
267 604 453 641 stimulum
488 601 555 640 effe
585 601 709 640 venOsl
730 602 934 649 sanguinis,
982 604 1021 639 in
1047 601 1224 641 thalamos
1252 604 1373 641 cordis
1398 606 1535 652 inpulsi.
1588 607 1658 644 Sed
1687 608 1724 645 δε

118 665 212 704 hanc
240 665 378 702 causam
408 676 427 700 a
449 662 656 700 >contratio
689 661 799 700 corde
824 661 1001 699 eh‘minari
1026 690 1035 704 ,
1089 661 1209 700 laxato
1241 676 1327 701 vero
1358 664 1470 702 ieddi.
1520 666 1559 704 In
1596 666 1725 716 systole

117 727 217 764 enim
243 725 281 761 id
303 735 483 772 organum
513 724 694 765 evacuari,
728 724 766 759 in
786 721 934 758 diastole
964 734 982 759 a
1003 722 1118 771 plenis
1135 751 1143 765 ‚
1187 724 1222 760 &
1245 723 1473 762 occasionem
1493 726 1724 775 exspectanti-

117 786 185 824 bus
202 815 211 829 ,
247 783 414 821 auriculis
438 782 576 830 repleri.
612 781 700 820 Haec
725 780 932 831 hypothesis
950 810 959 823 ‚
1008 790 1046 819 ut
1068 782 1140 819 fere
1168 783 1337 833 pleraque
1363 784 1438 822 Cel.
1470 787 1560 828 viri,
1605 798 1622 822 a
1642 799 1723 835 ραι.

116 846 217 884 rimis
245 843 355 892 iisque
381 840 574 880 clarissimis
602 840 674 890 (l)
714 843 796 878 viris
818 849 960 890 recepta
989 841 1065 879 fuit.
1113 842 1263 880 Addidit
1287 845 1404 893 aliqua
1439 843 1491 882 Cl.
1522 844 1553 882 L
1572 857 1583 881 1
1602 859 1622 882 L
1640 857 1722 883 ωε

117 903 242 954 (m),
280 913 319 941 ut
344 902 588 950 objectionem
605 929 614 944 ‚
651 901 790 938 dudum
809 900 932 938 factam
950 929 958 943 ‚
999 911 1183 939 everteret.
1219 902 1363 952 Nempe
1384 916 1408 940 n
1427 916 1461 940 m
1486 916 1616 942 omnes
1643 917 1723 942 cor-

114 965 171 1003 dis
195 965 297 1002 nervi
320 964 414 1000 inter
439 962 526 1000 duas
555 973 706 1010 magnas
730 962 872 998 arterias
898 960 1096 998 decurrunt
1119 989 1128 1004 ‚
1173 974 1292 1012 neque
1320 962 1411 1001 adeo
1441 976 1570 1002 omnes
1600 977 1618 1001 a
1649 965 1724 1002 sau-

114 1026 228 1074 guine
254 1023 299 1061 de
329 1022 440 1060 corde
461 1020 609 1071 expulso
637 1021 820 1069 conprimi
845 1018 1000 1069 possunt.
1044 1019 1144 1069 Ergo
1174 1023 1288 1060 aiebat
1315 1025 1394 1067 vir,
1439 1035 1551 1073 quem
1586 1025 1692 1062 citivi
1708 1051 1719 1066 ,

116 1084 209 1122 Clar.
232 1084 257 1121 ii
287 1082 436 1131 quidem
457 1082 502 1119 ad
529 1089 670 1118 motum
703 1081 824 1118 cordis
851 1088 1055 1129 pertinent3
1097 1092 1189 1130 quos
1222 1082 1364 1120 medios
1382 1086 1516 1121 arteriae
1545 1083 1722 1122 transmit-
1778 1076 1784 1082 ⁵

113 1149 223 1184 tunt,
259 1143 408 1191 reliqui,
444 1143 505 1191 qui
532 1141 576 1178 ad
595 1143 803 1178 arteriarum
818 1139 924 1177 lutera
942 1140 1140 1177 decurrunt
1165 1170 1174 1184 ‚
1213 1141 1350 1179 sensum
1377 1144 1479 1180 cordi
1502 1144 1677 1192 praestant.

172 1201 350 1251 josephus
369 1201 423 1239 Lr
441 1213 495 1238 ευ
510 1212 569 1238 TA
585 1213 642 1239 un
678 1202 774 1247 (n)
808 1201 855 1237 ita
879 1212 954 1236 rem
982 1202 1237 1249 interpretatur
1253 1230 1262 1244 ‚
1304 1210 1344 1240 ut
1368 1202 1508 1252 sanguis
1525 1232 1533 1245 ‚
1577 1204 1639 1252 qui
1666 1204 1725 1242 ca-'

113 1274 196 1301 veas
223 1262 343 1299 cordis
374 1260 566 1303 distendit,
607 1260 710 1297 fibras
738 1258 844 1306 hujus
873 1258 1023 1297 musculi
1048 1262 1282 1310 conprimat:
1322 1264 1368 1299 ita
1390 1265 1554 1300 materies
1573 1273 1718 1308 motus,

112 1323 153 1362 in
182 1321 279 1358 fibris
306 1320 426 1359 cordis
450 1320 588 1362 latens,
635 1332 653 1357 a
679 1328 852 1368 percepto
887 1320 1131 1356 incommodo
1166 1329 1365 1369 provocata
1405 1321 1538 1366 refilit,
1589 1323 1624 1359 δι
1658 1334 1723 1361 cor

110 1383 151 1420 in
184 1381 470 1419 contractionem
498 1382 598 1426 ciet3
637 1379 762 1416 eadem
788 1379 897 1427 paulo
926 1379 1006 1428 post
1028 1379 1206 1429 quiescit,
1244 1381 1391 1430 quando
1408 1381 1550 1432 sanguis
1570 1382 1614 1421 de
1642 1394 1723 1421 cor-

111 1442 166 1480 dis
189 1443 304 1478 caveis
331 1439 498 1489 expulsus
526 1438 626 1476 desiit
646 1438 750 1476 fibras
777 1439 852 1485 ejus
878 1451 1050 1488 premere.

171 1501 270 1543 Alia,
306 1501 350 1537 ad
370 1511 523 1549 nuperas
544 1497 760 1548 hypotheses
791 1499 1092 1541 accommodata,
1131 1501 1259 1548 opinio
1291 1512 1308 1538 a
1336 1500 1388 1538 (Ἰ.
1422 1503 1501 1539 viro
1527 1501 1558 1551 J.
1591 1502 1723 1540 Rmijl.

105 1560 178 1609 pho
201 1560 479 1598 Sriznnrm
513 1559 603 1608 (o)
631 1555 814 1608 proposita
841 1558 900 1595 est.
935 1558 1145 1597 Nervorum
1173 1571 1306 1609 nempe
1332 1560 1487 1599 fluidum
1515 1562 1722 1600 electricum

110 1618 180 1658 effe
208 1620 378 1663 sumitur,
419 1620 455 1657 δε
487 1631 550 1657 cor
574 1621 612 1657 in
637 1618 924 1656 contractionem
953 1620 1003 1655 ire
1024 1648 1033 1662 ,
1088 1621 1232 1667 quoties
1258 1633 1275 1657 a
1313 1623 1431 1658 nervis
1471 1626 1722 1660 communica-

108 1687 186 1719 tam
209 1679 407 1717 elecffricam
433 1687 595 1717 naturam
614 1678 754 1722 induit,
790 1691 876 1717 cum
905 1681 1006 1728 prius
1029 1678 1145 1728 ipsum
1164 1681 1368 1717 electricum
1391 1694 1467 1719 nou
1490 1680 1613 1719 fuisset.
1651 1682 1722 1719 Sed

110 1741 185 1777 vim
212 1752 288 1776 eam
311 1768 321 1782 ‚
361 1740 398 1778 δι
422 1751 541 1778 natam
561 1740 647 1778 inde
674 1740 982 1784 commotionem,
1018 1742 1127 1789 paulo
1154 1741 1234 1789 post
1256 1741 1488 1785 evanescere,
1523 1742 1625 1791 quod
1657 1754 1722 1779 cor

109 1797 321 1847 sanguinem
343 1812 420 1837 non
436 1800 640 1839 elestr1cum
657 1828 666 1842 ,
691 1801 779 1838 dum
801 1800 951 1838 arstssrtur
971 1829 980 1843 ‚
1019 1803 1232 1850 contingit,
1259 1808 1366 1850 atque
1391 1801 1481 1838 adeo
1497 1830 1506 1844 ,
1546 1813 1591 1839 ex
1619 1814 1722 1838 coin-

109 1861 214 1895 muni
238 1858 341 1906 lege,
391 1861 577 1908 propriam
605 1859 803 1897 &ethicam
833 1861 903 1898 vim
936 1862 1075 1897 amittat
1096 1889 1105 1901 ,
1156 1873 1236 1909 quae
1268 1861 1305 1896 in
1335 1861 1544 1908 [inguinem
1573 1860 1717 1899 transiit.

109 1914 250 1956 Verum
272 1929 290 1954 a
316 1920 434 1955 nervis
450 1930 584 1956 novam
604 1919 678 1954 vim
696 1919 896 1955 electricam
913 1920 1018 1955 cordi
1040 1931 1140 1957 nuuc
1169 1932 1246 1956 non
1263 1920 1428 1958 eletirico
1453 1921 1579 1964 reddi,
1610 1932 1720 1970 quain

108 1988 156 2015 ex
181 1977 306 2015 iisdem
332 1976 441 2015 causis
465 1978 574 2027 paulo
596 1978 678 2028 post
701 1976 742 2015 fit
769 1976 987 2016 amissurum.
1551 2008 1553 2013 Α

1035 2036 1067 2077 R
1086 2050 1102 2075 r
1122 2050 1140 2076 r
1199 2049 1217 2083 3
1523 2043 1555 2085 ὃ.
1606 2039 1648 2078 Χ
1665 2039 1723 2079 X!

149 2143 163 2180 (
186 2144 228 2176 l)
252 2145 418 2174 Alexandro
444 2144 508 2175 Mo
520 2155 540 2173 κ
554 2154 570 2175 ι
587 2154 604 2175 o
618 2153 637 2175 o
652 2145 728 2182 apud
747 2145 770 2175 C
785 2155 805 2175 n
818 2154 831 2173 ε
844 2155 857 2174 st
873 2156 887 2175 x
901 2157 917 2176 L
930 2156 948 2174 i*
962 2155 979 2175 u
991 2155 1035 2175 Nl
1053 2156 1073 2175 υ
1086 2157 1108 2175 M
1130 2146 1159 2175 in
1175 2154 1322 2176 anatomes
1339 2145 1393 2176 sue
1420 2146 1487 2176 edit,
1517 2145 1562 2177 VI.
1592 2157 1620 2183 ρ.
1646 2146 1714 2180 1053.

108 2185 236 2215 Gerardo
258 2196 314 2216 van
340 2188 358 2217 S
371 2197 415 2215 wi
431 2197 447 2216 ε
468 2198 480 2216 r
495 2197 508 2215 κ
523 2197 540 2214 Ν
578 2189 724 2217 Commeat
744 2189 774 2215 iv
797 2187 891 2223 apher.
922 2187 945 2216 T
985 2187 1019 2217 ΙΙ.
1041 2198 1068 2226 ρ.
1102 2193 1146 2221 18.
1182 2187 1310 2217 Andriae
1331 2187 1390 2218 diff.
1414 2189 1447 2217 ae
1468 2194 1548 2217 motu
1567 2189 1716 2227 υαῃίιιιυν.

107 2234 170 2264 quae
191 2227 225 2255 ad
254 2229 400 2264 praemium
429 2227 588 2257 Academiae
610 2228 705 2265 Regiae
722 2228 911 2260 Beroiinenfis
930 2239 1007 2260 anno
1033 2238 1108 2267 ¹753
1134 2229 1256 2259 accersit.
1286 2233 1339 2259 διε.

150 2268 231 2301 (m)
255 2271 297 2298 De
313 2271 411 2306 palpit.
433 2270 500 2298 cord
523 2279 549 2304 p.
573 2279 622 2306 ‹²7-
651 2270 698 2304 48.

148 2308 162 2343 (
179 2310 228 2345 n)
251 2311 392 2338 Premiere
411 2308 549 2341 Difsirtrt
586 2321 612 2348 p.
639 2321 710 2344 70³·

149 2352 159 2381 (
183 2352 228 2386 ο)
254 2350 286 2379 ln
313 2350 380 2385 diso.
411 2353 444 2379 de
460 2351 603 2390 pusaeus,
632 2353 746 2384 Baiiieae
771 2362 837 2384 ann.
865 2362 951 2393 1749·
972 2353 1073 2387 edita,
1111 2363 1196 2392 quam
1214 2353 1245 2384 in
1260 2351 1441 2385 collectionis
1462 2353 1564 2385 nostrae
1589 2353 1624 2385 T.
1649 2352 1710 2384 VH.

106 2389 234 2422 recusam
256 2392 389 2423 dedimus
410 2402 438 2431 p.
465 2401 510 2434 ⁴⁴1·
