2003 2748
335 164 390 200 40
590 148 784 191 mnf.
833 147 1654 191 CORP.HUM.ELEMENTA.

329 250 353 285 ii
376 248 480 290 sunt,
526 248 656 297 quibus
683 248 802 284 minus
827 246 1058 284 vehementes
1084 248 1194 284 animi
1218 253 1340 285 motus
1366 248 1609 294 contigerunt.
1645 244 1734 283 Inde
1763 245 1839 284 CAE
1857 258 1924 284 SA-

329 321 351 345 R
369 320 380 343 1
396 321 409 344 s
438 319 511 344 vox
527 336 535 349 ,
566 306 599 346 se
621 308 775 356 pingues
794 305 874 344 illos
894 306 1091 355 unstosque
1111 318 1188 343 non
1207 308 1333 344 timere
1350 319 1358 343 :
1393 318 1454 344 eos
1473 307 1571 343 enim
1588 317 1672 343 cura
1693 305 1917 354 reipublicae‚

329 374 389 404 aut
416 367 587 403 libertatis
617 365 791 403 desiderio
815 367 966 403 minime
991 365 1187 404 macescere
1205 367 1298 403 acuti
1325 367 1462 414 ingenii
1487 373 1659 414 tyrannus
1685 365 1917 413 intelligebat.

328 425 516 470 stimulum
542 426 600 462 ille
626 425 722 462 wa
741 438 795 462 FT
810 438 822 462 1
839 438 858 462 υ
873 438 886 462 s
923 425 1077 474 (neque
1103 426 1200 463 enim
1227 423 1372 463 difficile
1394 425 1443 462 est
1462 424 1663 467 intellectu,
1694 423 1738 460 de
1760 435 1923 473 quonam

328 487 406 522 siro
423 485 538 522 sermo
556 484 628 532 fit)
648 497 758 534 quam
774 485 836 522 diu
852 484 885 522 se
901 486 994 522 curis
1013 485 1047 521 δε
1064 485 1123 521 iris
1139 485 1320 527 exercuit,
1342 483 1645 524 macilentiffiinus
1657 512 1665 526 ,
1690 485 1725 520 in
1744 483 1922 520 summam

328 543 537 581 obefitatem
557 543 710 587 transsit,
735 556 818 582 cum
841 544 1021 581 debilitata
1040 545 1073 581 vi
1090 546 1221 580 mentis
1240 545 1277 580 in
1294 543 1492 581 fatuitatem
1509 542 1669 592 delapsus
1688 541 1770 579 esset
1790 540 1870 590 (f).

386 602 484 652 Ergo
507 605 613 640 etiam
630 603 851 641 venaasectio
868 603 1036 652 frequens
1056 603 1100 640 ad
1117 602 1327 640 obesitatem
1350 602 1431 642 facit
1450 632 1459 645 ,
1494 615 1572 652 quae
1604 602 1706 639 cordi
1734 601 1920 639 stimulum

328 663 529 706 subtrahat,
559 664 594 700 δε
613 670 729 700 totam
745 663 948 700 machinam
973 662 1134 701 debilitet
1155 664 1173 708 (
1182 674 1212 709 g
1226 664 1251 708 >.
1287 661 1340 699 Eo
1361 661 1511 700 artificio
1527 660 1660 698 vitulos
1678 667 1772 698 certe
1792 662 1828 697 in
1847 659 1920 698 An-

326 722 398 770 giia
420 722 578 771 saginant
600 723 616 768 (
635 722 658 758 h
675 723 703 768 ).
750 721 908 765 Iterum,
959 723 1034 771 pari
1061 723 1200 758 ratione
1229 749 1238 764 ,
1282 721 1425 759 castrata
1453 720 1617 758 animalia
1650 719 1916 768 pinguescunt,

325 794 403 818 non
426 781 527 831 quod
546 781 733 818 moleculae
761 782 916 819 nutritiae
941 793 1039 818 nunc
1067 779 1198 819 cessent
1232 783 1329 829 egeri
1351 781 1454 829 (i),
1501 779 1560 817 sed
1591 779 1693 828 quod
1712 777 1920 817 universum

327 841 582 878 eunuchorum
608 853 740 890 corpus
771 843 890 879 minus
913 840 1103 878 robustum
1122 869 1131 883 ‚
1169 840 1358 890 minusque
1378 841 1450 877 acri
1476 839 1656 888 sanguinis
1682 846 1788 876 motu
1808 839 1919 886 agita-

326 910 405 937 tum
430 899 492 942 fit,
524 900 626 949 quod
650 913 694 937 ex
718 901 830 938 brutis
847 900 1059 938 animalibus
1083 900 1236 938 castratis
1254 898 1514 937 evidentissime
1529 898 1698 947 adparet,
1732 896 1758 934 fi
1790 898 1920 937 mitem

324 960 461 999 bovem
494 959 722 1009 placidumve
753 960 1002 1001 cantherium,
1034 971 1119 997 cum
1142 958 1255 997 feroci
1282 966 1407 1001 tauro,
1446 959 1483 995 &
1508 960 1619 1005 igneo
1647 955 1784 994 caballo
1815 967 1919 993 com,

326 1021 511 1068 paraveris.
550 1018 722 1068 Denique
744 1021 850 1056 etiam
871 1020 908 1055 in
928 1019 1060 1056 eodem
1084 1018 1236 1055 animale
1257 1019 1295 1055 in
1321 1030 1362 1056 ea
1380 1025 1478 1066 parte
1503 1017 1667 1065 corporis
1685 1015 1793 1064 adeps
1815 1014 1918 1055 colli..

329 1079 446 1126 gitur,
482 1091 501 1117 a
527 1090 597 1127 qua
617 1081 741 1115 tritum
771 1079 806 1115 δε
826 1079 1062 1126 agitationem
1090 1078 1266 1127 averteris,
1320 1076 1442 1114 Lienis
1467 1075 1592 1114 sublati
1612 1075 1737 1113 locum
1766 1076 1802 1112 in
1829 1086 1918 1116 cane

327 1138 436 1187 adeps
460 1137 612 1187 replevit
634 1139 707 1184 (lc)
729 1165 737 1180 ,
773 1138 809 1175 &
830 1137 925 1175 testis
952 1138 1112 1187 exempti
1131 1138 1170 1176 in
1197 1136 1430 1179 hominibus,
1462 1136 1593 1185 quibus
1620 1135 1765 1172 virilitas
1776 1133 1918 1174 ademta

327 1197 376 1234 est
401 1199 417 1243 (
436 1197 500 1245 ἰ-).
1781 1227 1789 1235 ,

387 1254 556 1293 Omnino
580 1256 652 1293 huc
669 1257 845 1305 pertinet,
880 1255 982 1305 quod
1009 1255 1091 1291 alibi
1110 1254 1236 1292 refflus
1259 1255 1398 1292 dicetur
1418 1282 1427 1297 ,
1462 1254 1675 1292 alimentum
1695 1251 1919 1294 fastuosum,

328 1316 365 1354 &
385 1314 438 1352 lac
466 1317 652 1365 inprimis,
684 1315 883 1364 plurimum
906 1315 950 1352 ad
973 1314 1182 1353 obesitatem
1205 1314 1320 1353 facere
1341 1343 1351 1358 ‚
1390 1325 1475 1352 cum
1498 1314 1572 1361 ejus
1593 1313 1780 1351 materiem
1805 1311 1916 1361 pluri-

325 1386 423 1411 mam
449 1376 485 1411 in
506 1375 717 1423 sanguinem
739 1378 920 1422 congerat.
1902 1373 1909 1379 “

385 1433 448 1470 Uti
469 1446 514 1471 ex
534 1435 668 1471 arteriis
692 1435 730 1470 in
754 1434 969 1472 celIulosum
995 1439 1137 1471 textum
1164 1435 1218 1471 via
1245 1433 1294 1470 est
1309 1462 1318 1476 ,
1353 1434 1401 1470 ita
1424 1445 1442 1470 a
1466 1432 1575 1470 venis.
1613 1430 1800 1480 Siquidem
1817 1431 1916 1469 enim

325 1505 371 1529 ex
395 1495 528 1530 arteriis
547 1493 735 1542 pinguedo
764 1493 980 1542 deponitur,
1013 1494 1060 1531 ita
1080 1505 1157 1530 eam
1175 1495 1211 1530 in
1228 1505 1334 1530 venas
1351 1492 1483 1530 resumi
1500 1490 1636 1529 neceffe
1652 1490 1722 1533 est,
1747 1488 1810 1527 nisi
1829 1489 1914 1527 velis

326 1553 364 1590 in
386 1552 603 1590 immensum
625 1553 833 1589 animalium
852 1551 1061 1590 obesitatem
1084 1552 1287 1590 increscere.
1324 1551 1397 1590 Has
1417 1559 1537 1589 autem
1563 1552 1635 1588 vias
1655 1549 1804 1599 perinde
1833 1560 1914 1588 ana-

326 1619 427 1653 tome
440 1641 450 1655 ,
480 1619 520 1649 ut
537 1614 675 1660 priores
694 1612 768 1648 illas
789 1612 1021 1649 demonstrat.
1056 1611 1188 1649 Pariter
1209 1613 1306 1649 enim
1326 1614 1362 1647 in
1381 1623 1487 1648 venas
1505 1610 1655 1657 inJec'tus
1674 1609 1795 1657 liquor
1813 1607 1913 1644 exsu-

327 1670 408 1712 dat,
439 1671 474 1707 δι’.
494 1669 700 1720 spongiosas
722 1671 929 1707 cavernulas
950 1669 1088 1718 replet,
1115 1678 1155 1707 ut
1173 1670 1261 1719 saepe
1278 1669 1384 1711 mihi,
1408 1681 1490 1707 cum
1511 1680 1621 1717 aqua,
1643 1665 1909 1716 ichthyocolla,

326 1735 426 1772 aere,
455 1732 746 1779 experimentum
765 1729 914 1772 cecidit,
948 1730 1054 1766 etiam
1072 1730 1188 1766 invito
1205 1757 1213 1771 ‚
1237 1730 1272 1766 ὃς
1295 1741 1379 1768 cum
1396 1740 1474 1767 mea
1496 1725 1696 1769 interesset,
1730 1733 1771 1765 ut
1792 1725 1913 1774 liquor

326 1789 499 1837 impulsus
512 1791 549 1826 in
562 1791 660 1826 venis
680 1797 851 1826 maneret.
889 1788 959 1826 Hic
972 1789 1070 1825 idem
1082 1795 1230 1826 eventus
1242 1788 1357 1826 fraudi
1369 1788 1436 1825 fuit
1452 1787 1494 1834 J.
1512 1786 1667 1823 Henrico
1682 1785 1887 1822 Scuumzz
1899 1813 1909 1826 ,

324 1855 367 1886 ut
387 1861 432 1885 ex
449 1851 549 1886 venis
567 1849 680 1897 adipis
698 1848 933 1886 secretionem
949 1847 1025 1884 fieri
1044 1847 1245 1894 adfirmaret
1265 1848 1337 1894 (m)
1350 1876 1358 1889 ‚
1387 1847 1578 1896 postquam
1597 1845 1757 1887 viderat,
1782 1856 1912 1892 aquam

325 1910 427 1945 >venis
449 1908 588 1946 brachii
605 1906 794 1957 impulsam
811 1909 848 1944 in
865 1906 1006 1944 cellulas
1025 1906 1185 1955 adiposas
1206 1906 1377 1943 exhalare.
1414 1905 1466 1943 Ita
1496 1903 1608 1952 steph.
1634 1902 1670 1941 H
1683 1916 1704 1939 A
1720 1916 1739 1939 1.
1754 1915 1772 1939 E
1787 1915 1801 1940 s
1821 1914 1912 1950 aqua

326 1969 364 2004 in
386 1980 490 2005 venas
514 1969 609 2006 canis
627 1967 751 2015 injecta
771 1967 861 2004 vidit
882 1965 1070 2005 cellulosos
1095 1965 1237 2004 loculos
1258 1966 1292 2003 ὃς
1315 1964 1468 2003 salivales
1493 1961 1679 2013 glandulas
1703 1959 1911 2002 intumuiss'e

1814 2017 1906 2071 (n).

369 2102 430 2141 (f)
454 2104 474 2133 B
489 2116 506 2134 A
519 2115 539 2135 K
552 2115 566 2134 n
578 2115 594 2133 R
614 2106 645 2133 de
661 2103 749 2142 affic7.
763 2105 852 2135 anim.
867 2115 888 2143 p
914 2114 960 2135 20.

368 2146 378 2177 (
394 2146 436 2182 gi
460 2145 479 2174 B
495 2157 512 2175 A
527 2157 542 2175 c
558 2157 593 2175 L!
610 2156 635 2175 v.
653 2147 686 2174 de
699 2146 765 2183 filrr.
788 2152 871 2175 πηοεν.
890 2146 917 2175 L.
939 2144 959 2174 1.
979 2155 1006 2183 p.
1035 2151 1101 2183 338.
1883 2179 1889 2185 ¹

368 2186 380 2219 (
395 2186 411 2214 lv
426 2187 438 2217 i
462 2186 482 2254 ἔ,
497 2198 504 2215 ι
520 2197 531 2216 s
545 2197 563 2215 T
577 2196 590 2214 u
605 2197 621 2215 R
648 2188 751 2223 journy
770 2193 798 2215 to
816 2187 898 2216 Puris
921 2196 947 2224 p.
970 2195 1036 2224 157-
1061 2188 1093 2215 cie
1110 2187 1246 2217 httmorih.
1269 2187 1391 2226 p.†4050.
1422 2185 1481 2216 edit
1506 2183 1585 2222 Belg.
1608 2182 1629 2213 L
1641 2192 1658 2212 Α
1673 2191 1693 2211 u
1707 2191 1725 2211 n
1739 2191 1756 2211 ι
1769 2190 1791 2210 N
1806 2189 1823 2210 c
1839 2189 1853 2209 n
1877 2186 1911 2207 m

321 2234 400 2266 owse
414 2228 460 2263 mg]
471 2229 512 2255 ico
526 2227 637 2265 aliique.

369 2266 379 2295 s
395 2268 428 2300 i)
452 2268 523 2304 Qua:
544 2268 584 2297 Cl.
609 2269 643 2297 de
665 2268 684 2297 B
697 2278 716 2296 U
732 2278 746 2297 r
760 2279 773 2297 v
788 2278 804 2297 ο
818 2277 840 2297 N
867 2269 1032 2305 conjectura
1046 2269 1083 2298 est
1100 2268 1207 2309 lnssoire
1230 2270 1369 2299 naturelle
1383 2268 1418 2299 T.
1435 2268 1483 2298 IV.
1501 2277 1529 2305 p.
1557 2274 1624 2305 444.

367 2311 377 2340 (
395 2310 411 2336 l?
426 2310 437 2340 )
463 2308 482 2336 l}
495 2318 512 2336 O
525 2320 540 2338 1<
557 2319 572 2337 R
584 2319 594 2338 1
610 2319 626 2338 c
642 2319 662 2338 H
688 2310 800 2339 hermrt.
813 2310 944 2340 medicz'n.
958 2307 1079 2347 fitptent.
1100 2320 1128 2348 p.
1147 2320 1215 2348 429.

368 2348 427 2380 (l)
451 2349 749 2380 liursnnuscu
773 2350 788 2379 l.
808 2360 831 2380 c.
854 2360 880 2379 n.
908 2359 953 2387 27.

367 2390 441 2423 (πῖ-ιδ
466 2389 494 2418 ln
521 2390 588 2426 disp.
614 2392 646 2418 de
666 2402 726 2420 ven,
748 2389 812 2428 βᾶ.
830 2392 860 2418 in
876 2391 1033 2427 hydropisis
1045 2412 1052 2423 ,
1083 2393 1168 2423 citata
1192 2402 1207 2421 a
1233 2392 1274 2422 Cl.
1301 2392 1319 2422 S
1333 2402 1350 2422 c
1363 2401 1383 2421 Η
1398 2400 1418 2420 Λ
1433 2400 1451 2419 Λ
1469 2399 1486 2419 R
1501 2399 1514 2419 s
1531 2398 1552 2419 H
1566 2399 1590 2418 M
1605 2397 1614 2416 ι
1627 2397 1645 2416 n
1667 2385 1697 2415 in
1724 2381 1908 2421 Berlinisclwn

328 2430 521 2460 Naclvrichtfn
547 2431 580 2461 T.
596 2430 646 2463 lv.
669 2442 697 2471 p.
718 2442 785 2469 400.
814 2433 840 2465 δι
866 2441 945 2464 nunc
963 2432 1047 2463 video
1068 2433 1145 2464 idem
1171 2435 1402 2473 experimentum
1435 2431 1542 2462 exstare
1571 2430 1600 2461 in
1622 2427 1662 2458 ci>
1691 2426 1744 2456 viri
1773 2424 1841 2464 disp.
1875 2425 1908 2453 de

323 2469 423 2508 ‚il-More
432 2481 464 2512 p.
493 2482 519 2509 9.
