2003 2748
328 140 414 180 278
849 118 1169 169 LIBJV.
1235 130 1415 171 COR·

332 241 358 267 n
375 241 398 266 A
412 239 432 265 c
447 239 494 264 us
521 225 538 273 ζ
550 225 610 272 x)
633 232 771 263 monet.
808 224 987 264 Cellulosa
1008 225 1166 275 denique
1188 224 1245 263 fila
1270 224 1337 263 effe
1351 253 1361 268 ,
1397 237 1477 276 quae
1501 226 1539 264 in
1559 237 1649 276 aqua
1673 226 1806 265 fervida
1821 257 1831 272 ,
1861 236 1922 267 ant

331 290 370 325 in
390 294 492 325 aceto
510 293 705 328 macerata,
730 285 844 323 robur
859 286 1009 334 aliquod
1033 286 1257 328 induerunt,
1295 293 1357 322 aut
1372 286 1545 323 ruborem
1558 287 1595 322 in
1615 287 1780 323 maximis
1799 287 1834 324 δι,
1851 288 1924 325 val-

332 347 378 384 de
401 345 604 393 sanguineis
625 344 840 382 animalibus
860 346 1065 394 accipiunt,
1094 347 1133 385 &
1152 344 1222 393 ipse
1242 344 1405 383 observat
1429 346 1480 392 (y
1499 342 1514 393 )
1532 373 1541 388 ,
1575 346 1611 382 δι
1635 357 1691 382 res
1715 345 1786 394 ipsa
1813 348 1924 386 mein

331 406 496 443 humano
517 404 721 454 pericardio
746 403 891 448 docuit,
930 405 1033 454 quod
1051 417 1122 454 ego
1142 405 1292 453 quidem
1312 405 1350 441 in
1372 405 1458 443 duas
1476 404 1652 443 distinctas
1672 406 1810 443 tunicas
1830 417 1926 444 nun»-

332 476 441 514 quam
455 492 466 508 ,
500 464 536 502 &
560 464 680 503 multo
701 465 822 502 minus
848 465 887 504 in
919 464 1063 502 diversae
1082 465 1222 503 fabricae
1245 465 1383 502 tunicas
1405 464 1560 514 separare
1576 465 1691 514 potui.

683 562 717 604 §-
753 558 795 597 X
813 556 955 597 VIII.
1020 558 1195 601 Arteriae,
1234 558 1362 603 Venae,
1400 558 1566 597 Nervuli.

391 654 561 697 Arteriae,
593 665 714 696 venae,
747 655 923 703 nervique
951 654 1140 703 pericardii
1167 666 1185 691 a
1211 653 1334 692 multis
1361 654 1397 691 &
1417 655 1558 702 exiguis
1577 650 1753 692 trunculis
1774 653 1926 692 nascun-

328 722 390 753 tur
406 744 416 758 ,
456 726 566 764 quam
589 725 668 750 non
698 712 840 751 dudum
868 713 1027 751 diximus
1054 722 1189 752 naturae
1211 712 1511 750 consuetudinem
1538 715 1576 750 in
1602 714 1773 751 omnibus
1798 714 1943 756 vastio..

330 776 380 812 ris
409 775 564 812 ambitus
589 773 810 811 membranis
835 771 912 810 effe.
957 772 1110 813 Arteriae
1137 774 1333 811 anteriores
1355 772 1429 811 aliae
1450 772 1531 811 sunt
1547 801 1571 817 ,-
1603 773 1677 811 aliae
1705 773 1893 811 inferiores
1911 801 1920 815 ,

327 835 406 872 aliae
436 834 660 883 posteriores.

391 893 539 932 Illarum
560 892 761 942 pleneque,
786 893 822 930 δι
844 899 1032 942 quotquot
1059 892 1283 942 superiorem
1302 892 1535 942 mediamque
1560 891 1680 930 sedem
1695 896 1844 934 tenent,
1880 902 1927 928 ex

331 955 542 991 mammaria
566 953 690 990 arteria
716 951 907 990 nascuntur
922 980 932 994 ‚
970 963 1089 1001 exque
1117 965 1238 990 earum
1256 954 1363 990 ramis
1386 951 1604 989 mediastinis
1630 953 1647 998 <
1661 963 1686 988 z
1702 950 1719 997 >
1737 979 1746 993 ,
1782 962 1925 1000 eoque‚

326 1015 395 1062 qui
419 1024 575 1051 nervum
594 1011 813 1061 phrenicum
829 1013 1025 1049 comitatur
1046 1014 1063 1058 (
1080 1023 1100 1048 a
1115 1013 1132 1059 )
1150 1040 1159 1055 ‚
1201 1013 1338 1060 exiguo
1360 1012 1515 1049 omnino
1534 1010 1718 1049 trunculo.
1758 1008 1854 1055 Quae
1872 1011 1927 1046 in-

330 1072 455 1110 feriori
472 1072 559 1110 ioco
581 1079 792 1122 ponuntur,
828 1083 875 1108 eae
902 1073 1033 1120 partim
1054 1083 1099 1109 ex
1112 1083 1216 1109 ramo
1236 1071 1417 1120 phrenicae
1441 1072 1595 1114 arteriae,
1628 1082 1711 1108 cum
1732 1081 1846 1107 nervo
1866 1080 1929 1106 co·

325 1134 511 1181 ⁴gnomine
534 1133 573 1170 in
602 1131 727 1180 ,peetus
752 1139 962 1169 recurrente
990 1129 1103 1182 (22),
1144 1131 1360 1181 prodeunt,
1393 1132 1528 1183 partim
1557 1142 1603 1169 ex
1637 1130 1713 1168 aliis
1748 1129 1928 1179 phrenicae

329 1194 439 1230 samis
461 1191 515 1239 (ss
529 1191 555 1238 ).

393 1250 464 1288 Sed
493 1262 547 1288 eae
576 1251 684 1288 etiarn
716 1249 913 1292 arteriolae,
961 1261 1040 1299 quae
1068 1249 1199 1289 faciem
1230 1249 1374 1299 planam
1392 1277 1402 1292 ,
1443 1246 1705 1298 diaphrhgmati
1734 1248 1892 1284 innatam
1914 1275 1924 1290 2

328 1309 521 1361 pericardii
541 1309 675 1347 adeunt
693 1338 702 1351 2
741 1321 790 1346 eae
813 1309 964 1358 quidem
987 1309 1110 1346 multis
1132 1309 1307 1347 trunculis
1334 1322 1353 1347 a
1374 1310 1481 1346 ramis
1505 1308 1686 1358 phrenicae
1722 1307 1778 1355 (d
1794 1307 1813 1355 )
1830 1335 1840 1350 ,
1883 1317 1929 1345 ex

329 1370 502 1408 *tendinea
531 1377 629 1418 parte
665 1380 864 1418 carneaque
901 1368 1181 1418 diaphragmatis
1219 1369 1460 1410 exeuntibus„
1511 1376 1634 1405 ortum
1662 1366 1810 1404 ducunt.
1854 1364 1928 1403 Has

332 1429 401 1467 Ru
416 1441 437 1467 Y
451 1441 499 1466 sc
513 1441 537 1465 H
553 1441 565 1465 1
582 1441 630 1466 us
660 1429 824 1477 inprimis
845 1429 988 1465 ornavit
1016 1429 1033 1474 <
1051 1430 1109 1474 e).
1155 1427 1244 1466 Aliae
1270 1437 1396 1466 contra
1423 1438 1470 1464 ex
1500 1427 1701 1476 pericardio
1727 1427 1765 1462 in
1789 1425 1930 1474 septum

326 1488 567 1527 transversum
581 1487 800 1534 declinant(
806 1485 836 1535 f
846 1485 861 1537 )
876 1515 886 1530 ,
919 1499 1005 1536 quas
1021 1486 1162 1525 inverso
1187 1489 1338 1525 nomine
1350 1487 1596 1537 periCardiaco
1618 1486 1807 1536 phrenicas
1830 1484 1930 1521 dixe-

326 1550 390 1586 ris.
427 1547 572 1587 Omnes
588 1577 598 1592 ‚
635 1556 675 1586 ut
701 1548 740 1584 in
766 1547 989 1585 >membranis
1014 1546 1154 1591 solent,
1196 1548 1234 1584 in
1263 1549 1347 1585 retis
1373 1546 1529 1596 speciem
1558 1546 1791 1595 implicantur
1817 1545 1925 1591 (g).

332 1615 374 1646 ut
394 1609 437 1646 ab
455 1621 525 1647 una
544 1610 581 1645 'm
604 1619 732 1646 omnes
758 1614 906 1644 mutuus
925 1606 1142 1650 consensus,
1174 1606 1427 1657 sanguinisque
1445 1606 1536 1643 liber
1551 1613 1778 1643 commeatus
1799 1609 1927 1653 pateat„

393 1666 611 1705 Posteriores
629 1666 801 1705 arteriolae
816 1666 1005 1716 pericardii
1021 1666 1320 1717 primae‘quidem
1336 1666 1417 1706 sunt
1444 1666 1544 1704 abeo
1571 1665 1740 1703 trunculo
1758 1693 1767 1707 ,
1820 1673 1930 1712 quem

328 1727 549 1781 :plerumque
571 1729 610 1766 in
633 1726 772 1766 sinistro
799 1725 908 1765 latere
936 1728 1061 1765 arteria
1082 1726 1283 1770 subclavia,
1325 1725 1520 1779 aliqu-ando
1550 1733 1672 1766 tamen
1699 1733 1807 1763 aortae
1829 1730 1930 1758 trun-

1835 1792 1896 1818 cus
1915 1808 1925 1823 ς

375 1887 389 1922 (
406 1897 426 1916 x
443 1887 456 1924 )
479 1887 550 1917 thid.

377 1928 454 1967 (φ)
476 1928 549 1959 Ibid.
576 1937 603 1966 p.
635 1936 678 1957 12.

369 1970 389 2006 4
404 1972 452 2007 z)
477 1970 605 2001 Minores
629 1967 784 2006 superiores
812 1965 901 2005 ftffcz‘c.
929 1964 977 1996 III.
998 1975 1025 2004 p.
1053 1973 1099 2003 24.
1119 1969 1179 1995 not.
1207 1968 1233 1996 6.
1261 1963 1317 1995 tab.
1336 1974 1370 1995 eo
1388 1965 1453 1994 loco
1478 1963 1536 2002 pos.
1563 1973 1589 2000 g.
1609 1959 1707 1999 fascic.
1727 1959 1807 1990 VIII.
1833 1969 1861 1998 p.
1881 1968 1928 1990 ιο..

336 2019 382 2042 21.
405 2011 589 2041 Ruvseu
615 2008 695 2047 Epfi.
728 2009 759 2037 ΙΙ.
782 2008 816 2038 Τ.
845 2007 877 2037 ἰΙ.
907 2006 924 2035 f.
955 2017 979 2044 3.
1006 2015 1034 2044 4.
1064 2007 1210 2036 SENAc
1240 2016 1267 2044 p.
1300 2013 1345 2040 17.
1375 2005 1540 2035 KAAuw
1563 2013 1590 2033 n.
1611 2002 1680 2039 656.
1710 2010 1734 2039 3.
1762 2011 1790 2037 4.

375 2052 528 2082 Inferiores
553 2052 673 2087 m‘xjores
683 2047 778 2088 fi'fi'i‘·
801 2049 847 2078 cit.
878 2058 903 2085 p.
931 2057 974 2082 ¹4.
994 2045 1065 2085 βψ.
1094 2045 1168 2076 VIII.
1189 2056 1218 2084 p.
1242 2055 1290 2076 20.
1312 2046 1384 2076 Tab.
1404 2046 1465 2076 ead.
1490 2054 1514 2082 3.
1539 2054 1585 2074 21.

377 2093 390 2128 (
405 2104 423 2122 a
441 2094 453 2128 )
476 2089 612 2129 ,Fufi-icus.
640 2092 686 2120 cir.
703 2100 730 2119 n.
752 2098 777 2126 7.
794 2090 823 2119 in
845 2089 891 2118 tub
908 2088 934 2117 h.
954 2089 981 2119 k.
1006 2088 1121 2118 Serme.
1137 2096 1166 2126 p,
1191 2098 1239 2124 17.
1261 2087 1308 2117 Est
1323 2087 1481 2126 pericardio
1497 2084 1738 2124 diaphragmatica
1755 2081 1777 2113 R
1789 2091 1809 2112 U
1822 2091 1843 2111 Y
1855 2091 1867 2110 s
1880 2090 1894 2111 c
1910 2087 1932 2111 a

336 2134 354 2164 i.
379 2144 402 2164 c.
427 2133 462 2162 D.
482 2134 528 2169 qui
554 2133 636 2161 nimis
662 2141 791 2167 magnam
813 2130 913 2168 pingit·

379 2174 456 2209 (h)
480 2173 512 2203 In
538 2172 600 2202 eod.
621 2171 716 2211 saſsie.
745 2182 773 2202 n.
796 2177 822 2205 8.
846 2170 918 2201 Tab.
944 2171 991 2201 cit.
1011 2170 1028 2200 l.
1049 2171 1076 2201 ἃ
1097 2168 1155 2209 hist.
1182 2174 1238 2199 art.
1259 2169 1347 2199 renal.
1369 2180 1398 2208 p.
1426 2178 1471 2205 54.

380 2214 391 2248 (
414 2224 428 2242 c
454 2218 463 2245 )
486 2214 559 2243 Htsi.
578 2219 632 2243 art.
661 2223 718 2242 ren.
737 2212 804 2241 ibid.

379 2256 429 2289 (ui
448 2256 461 2290 )
486 2254 519 2283 In
543 2253 685 2290 phrenicae
708 2252 836 2290 inprimis
854 2252 965 2282 finistrae
989 2251 1100 2282 historia
1116 2250 1173 2289 hzst.
1190 2256 1248 2281 art.
1273 2251 1358 2279 renal.
1385 2258 1412 2287 p.
1433 2258 1479 2285 5⁴·
1507 2247 1557 2279 Co
1571 2257 1597 2278 w
1611 2253 1689 2277 ι’·ει
1711 2246 1746 2278 ad
1764 2244 1785 2275 B
1798 2256 1808 2274 1
1821 2255 1840 2275 D
1855 2254 1900 2273 Lo
1913 2252 1932 2274 0

339 2296 374 2326 T.
399 2295 694 2325 21.Nrefloi.1.s
719 2293 735 2323 1.
757 2303 780 2323 c.
806 2303 833 2332 p.
861 2299 910 2328 18·
931 2293 1098 2323 Kamsw
1128 2301 1157 2322 n.
1184 2295 1252 2330 ⁶5⁶·
1282 2299 1311 2325 2.
1339 2291 1374 2323 D.
1400 2288 1770 2323 deMnxcnxu-”srs
1788 2286 1931 2324 compend.

329 2343 417 2369 Anat.
444 2345 469 2373 p.
502 2345 527 2369 7.

412 2387 424 2404 e
447 2379 459 2411 )
483 2375 532 2411 Ep.
560 2374 594 2404 u
615 2373 650 2404 T.
676 2374 712 2403 II.
740 2374 758 2403 f.
787 2385 814 2410 4.
846 2375 875 2405 B.
895 2373 981 2406 RB.

407 2413 455 2454 f)
480 2416 564 2446 conf.
589 2417 736 2444 SENAC
762 2415 779 2444 1.
806 2424 827 2446 c.

407 2458 454 2498 g)
476 2456 658 2491 vascu
680 2455 715 2487 ic.
741 2455 787 2487 cit,

378 2378 393 2486 ΝΛΛ
