2003 2748
203 156 350 199 ,με
827 144 1394 187 1213.1V.coR.

265 245 513 286 humillimum
531 272 540 287 ‚
578 243 738 283 mediam
752 242 911 294 aliquam
926 244 1156 283 altitudinem
1185 243 1348 282 sumere:
1382 241 1442 280 sed
1468 242 1629 282 etiamid
1645 243 1869 284 arbitrarium

266 307 429 345 medium
450 307 488 342 in
510 304 702 343 hominem
731 304 863 355 absque
895 307 1149 355 experimento
1168 333 1179 348 ,
1217 316 1325 354 atque
1347 304 1440 341 adeo
1470 303 1602 354 absque
1627 304 1865 350 certitudine.

266 366 485 405 tranbfertur.

326 423 589 475 Simplieiffima
605 424 776 474 equidem
789 425 985 463 methodus
1000 425 1143 463 videtur
1154 453 1162 468 ‚
1197 437 1307 474 quam
1322 424 1349 463 Β
1368 437 1387 462 ε
1403 438 1423 462 R
1437 437 1462 462 N
1479 436 1502 462 o
1516 436 1538 462 υ
1553 436 1574 462 L
1589 436 1609 462 1.
1624 437 1635 461 1
1650 437 1674 462 u
1687 438 1702 462 s
1725 436 1771 463 ex
1789 424 1877 464 HA-

268 496 503 524 LEsiAN1s
534 487 679 534 recepit.
716 484 787 522 Sed
814 487 852 522 in
881 498 926 523 eo
958 493 1081 523 tamen
1105 484 1244 524 calculo
1273 484 1458 523 summum
1488 486 1618 523 vitium
1650 485 1724 528 est,
1770 485 1874 535 quod

264 544 333 583 Vir
355 544 407 584 Cl.
438 546 598 582 enormis
621 544 821 583 relistentiae
843 547 1021 583 rationem
1049 558 1126 583 non
1149 545 1297 588 habeat,
1337 557 1446 595 quam
1467 545 1587 582 cordis
1605 548 1656 582 vis
1678 547 1713 582 in
1733 544 1875 594 sangui·-

265 617 352 643 nem
382 606 573 642 exercitata
599 603 763 642 offendit.
803 604 900 654 Ergo
922 605 1049 644 harum
1082 604 1357 642 refistentiarum
1385 605 1520 654 aliquas
1540 605 1725 642 addemus.

326 664 469 704 Omnes
494 666 628 702 arteriae
649 667 815 715 corporis
842 666 1004 703 animalis
1021 694 1030 708 ‚
1063 666 1155 702 adeo
1184 664 1383 702 numerosae
1401 693 1410 706 ,
1447 665 1538 701 adeo
1558 664 1668 702 firmae
1684 693 1693 708 ,
1728 665 1771 702 ab
1795 677 1873 704 uno

266 726 337 763 ie‘tu
359 726 479 763 cordis
505 725 697 762 dilatantur
717 754 727 768 ,
774 724 929 774 figuram
960 725 1163 763 flexionuzn
1190 724 1330 762 suatum
1364 731 1506 763 mutant
1523 753 1533 768 ‚
1570 724 1606 761 &
1629 726 1667 762 in
1697 727 1874 772 majorem

265 784 539 834 longitudinem
568 785 833 835 producuntur.
879 784 946 828 Id,
989 798 1097 834 quam
1130 783 1323 823 difficulter
1354 783 1438 827 fiat,
1477 783 1579 821 facile
1611 785 1871 833 experiuntur,

265 847 330 895 qui
349 846 386 882 in
410 844 591 894 replendis
621 844 707 883 vasis
738 845 953 883 cadaverum
971 857 1121 895 operam
1140 853 1296 894 ponunt.
1333 844 1367 882 N
1376 856 1465 894 :que
1491 844 1676 894 replentur
1695 847 1803 883 unice
1820 856 1874 882 ar-

265 907 387 947 teriae,
427 905 485 942 sed
508 906 543 942 &
570 905 650 954 ipsa:
675 917 753 943 non
772 918 876 948 raro,
914 918 933 942 a
959 905 1030 942 sola
1059 907 1094 942 vi
1123 905 1245 943 cordis
1286 903 1349 952 (l)
1393 911 1639 954 rumpuntur,
1688 905 1723 941 ἂ
1773 916 1875 942 venae

267 964 369 1012 (m)
401 978 419 1002 a
447 964 568 1002 cordis
604 965 695 1002 adeo
733 966 804 1013 jam
842 965 1030 1002 debilitato
1063 964 1235 1013 inpulsu,
1276 965 1522 1014 franguntur,
1575 965 1612 1002 δε
1645 972 1742 1001 tanta
1772 964 1875 1003 deni-

266 1036 337 1073 que
356 1026 391 1061 vi
423 1033 522 1062 aorta
551 1024 736 1067 dilatatur,
759 1032 798 1062 ut
814 1025 919 1062 costae
936 1037 952 1061 a
971 1025 1166 1075 palpitante
1187 1024 1299 1063 corde
1316 1023 1517 1062 extrorsum
1537 1032 1747 1073 premantur
1764 1026 1775 1064 (
1792 1026 1870 1070 n),

264 1085 303 1121 ἃ
318 1096 394 1121 non
408 1096 489 1122 raro
505 1086 660 1121 omnino
677 1096 890 1134 rumpantur
911 1086 961 1132 (ο
982 1087 1010 1131 ).
1046 1084 1161 1122 Porro
1180 1086 1216 1122 in
1241 1084 1549 1134 aneurysmatibus
1572 1096 1712 1133 maguae
1738 1085 1874 1122 arteriae

265 1143 372 1182 eostre
398 1143 443 1181 de
473 1144 552 1181 sede
576 1151 684 1182 motae
704 1144 877 1193 leguntur
906 1147 1017 1193 (p),
1055 1145 1091 1182 &
1117 1154 1230 1194 ruptae
1250 1146 1357 1193 (q),
1393 1145 1429 1182 &
1463 1145 1622 1183 sternum
1648 1143 1874 1194 perforatum

263 1204 286 1251 (
304 1216 325 1240 r
342 1205 358 1249 )
375 1232 383 1246 ,
431 1204 468 1241 Se
505 1203 759 1242 clavicularum
796 1205 905 1243 altera
928 1204 1032 1243 fratta
1050 1234 1059 1248 ‚
1115 1204 1222 1243 altera
1253 1204 1374 1243 luxata
1412 1205 1497 1254 (ς).
1541 1203 1657 1244 Etiam
1697 1205 1742 1242 ab
1779 1204 1873 1242 auri-

201 1290 207 1294 .
265 1263 343 1301 cula
364 1263 513 1301 distenta
544 1264 649 1302 costae
670 1264 782 1303 fraCtae
807 1264 955 1303 fuerunt
980 1265 1031 1312 (t
1049 1266 1076 1311 ).

324 1321 439 1361 Porro
479 1323 664 1368 ducentae,
715 1336 794 1374 quae
830 1326 996 1374 corporis
1039 1324 1190 1363 humani
1224 1324 1372 1375 pondus
1406 1322 1597 1368 efficiunt,
1654 1324 1752 1361 librae
1792 1336 1874 1362 om·

264 1383 355 1421 nino
389 1395 408 1420 a
447 1382 584 1432 fingula
614 1384 814 1433 pulsatione
843 1386 1051 1422 arteriarum
1085 1385 1248 1434 undique
1287 1384 1483 1422 elevantur.
1534 1384 1617 1421 Rari
1646 1383 1726 1422 sunt
1752 1384 1873 1421 homi-

264 1454 353 1485 nes,
399 1444 461 1492 qui
494 1444 657 1492 pondera
690 1445 735 1481 de
760 1457 872 1483 manu
900 1444 992 1483 adeo
1027 1444 1178 1483 firmiter
1201 1444 1370 1482 sustinere
1407 1446 1557 1485 norint,
1607 1446 1697 1493 quin
1731 1456 1771 1481 ea
1805 1443 1874 1481 fin-

264 1502 354 1551 gulo
383 1503 420 1539 in
450 1503 553 1552 pulsu
576 1503 762 1542 eleventur
780 1533 789 1548 ,
825 1506 863 1542 &
892 1505 928 1541 in
952 1506 1122 1554 proxima
1151 1506 1287 1543 arteriae
1316 1503 1445 1555 systole
1481 1503 1692 1543 subfideant.
1728 1502 1872 1543 Omnes

265 1562 363 1600 enim
391 1563 502 1600 totius
526 1565 692 1613 corporis
721 1571 838 1613 partes
877 1564 1041 1614 undique
1077 1565 1211 1603 eodem
1257 1564 1328 1602 istu
1362 1564 1460 1602 oculi
1498 1564 1752 1602 distenduntur
1785 1593 1794 1606 ,
1836 1564 1874 1602 δι’

264 1634 398 1671 corpus
423 1630 545 1661 totum
570 1623 675 1662 latius
708 1637 778 1662 una
797 1654 807 1668 ,
832 1624 1050 1674 longiusque
1079 1625 1137 1668 fit,
1175 1626 1211 1662 ἃ.
1228 1624 1343 1663 altius.
1367 1623 1403 1661 Si
1425 1632 1594 1674 praeterea
1620 1627 1727 1663 toties
1751 1631 1874 1662 cente-

260 1693 325 1720 nas
347 1681 477 1726 libras,
514 1691 605 1733 quot
644 1683 761 1722 homo
786 1684 917 1734 absque
941 1685 1181 1724 destruc'tione
1196 1684 1288 1722 Ferre
1321 1684 1463 1734 potest,
1497 1684 1634 1734 ρεξῒοῑὶ
1650 1684 1871 1734 inposueris,

259 1740 400 1778 ›eaedem
431 1742 474 1779 ab
504 1742 576 1781 ictu
597 1744 717 1781 cordis
744 1744 875 1794 absque
902 1746 1032 1783 renixu
1060 1745 1255 1783 elevantur.
1291 1744 1464 1794 Denique
1488 1757 1574 1783 cum
1597 1744 1671 1783 fere
1701 1756 1765 1791 40.
1788 1755 1871 1780 000

259 1799 362 1838 iibrae
385 1802 474 1837 aeris
500 1802 763 1851 atmosphaerici
787 1816 856 1841 nos
878 1806 1047 1842 ambeant
1063 1833 1072 1847 ,
1112 1806 1148 1842 &
1177 1805 1304 1842 eadem
1330 1806 1364 1842 vi
1394 1814 1579 1853 premant,
1624 1816 1693 1853 qua
1728 1814 1872 1851 urgere-

262 1871 346 1898 mur
368 1861 406 1896 in
430 1859 508 1897 lacu
542 1862 682 1909 argenti
702 1863 792 1905 vivi,
824 1863 988 1912 undique
1005 1870 1126 1900 totum
1140 1875 1274 1912 corpus
1300 1863 1521 1900 submersum
1538 1872 1707 1905 tenente,
1743 1864 1779 1899 δε
1796 1860 1871 1899 alto

264 1919 420 1972 pollices
447 1921 637 1970 viginti&
663 1920 825 1972 septem,
860 1921 939 1974 (u)
980 1921 1054 1960 hoc
1087 1928 1212 1961 totum
1252 1921 1345 1960 adeo
1375 1933 1527 1961 enorme
1565 1922 1714 1972 pondus
1753 1920 1871 1960 nihilu

1807 1982 1875 2019 im-

297 2079 317 2114 -(
338 2079 382 2117 l)
402 2079 437 2110 ln
460 2079 492 2111 L.
515 2079 550 2111 V.

302 2120 384 2157 (m)
406 2121 437 2152 L.
461 2121 494 2151 ll.
517 2131 545 2160 p.
573 2131 639 2160 129.
663 2121 739 2160 seqq.

303 2162 317 2196 t(
335 2171 355 2190 n
374 2163 385 2198 )
409 2162 444 2191 R.
470 2162 506 2192 de
532 2163 556 2193 G
570 2174 585 2192 a
602 2174 623 2194 Λ
638 2174 658 2194 A
673 2175 685 2193 r
712 2165 746 2193 de
759 2161 846 2203 fitero
885 2166 1067 2203 pancreatIco
1088 2175 1115 2205 p.
1143 2170 1191 2203 87.

302 2201 317 2235 (
339 2213 353 2231 ο
370 2204 382 2235 δ
404 2203 450 2232 W
465 2214 483 2232 A
496 2215 514 2233 L
527 2214 545 2233 n
558 2214 570 2234 s
585 2214 603 2234 c
614 2214 635 2234 u
651 2216 673 2235 M
686 2216 695 2234 1
708 2216 726 2235 ι)
751 2206 780 2235 in
804 2205 874 2244 disp.
895 2205 1031 2243 frallura
1055 2206 1157 2247 absqzce
1179 2204 1266 2248 cazqfcz
1289 2212 1418 2238 externa.

272 2265 280 2271 .
301 2243 382 2280 (p)
405 2244 476 2273 Ant.
503 2245 538 2274 de
562 2245 712 2276 sznx
736 2249 854 2278 centur.
876 2244 931 2286 olgsf
956 2258 983 2278 n.
1013 2257 1060 2285 14.
1089 2250 1093 2253 “

304 2282 317 2317 (
334 2294 351 2321 q
367 2285 380 2319 )
402 2285 527 2322 Angelus
557 2286 579 2313 V
595 2298 603 2315 ι
617 2296 635 2316 c
650 2295 669 2315 τ
681 2297 699 2316 o
713 2298 730 2316 R
745 2299 754 2317 1
768 2297 791 2318 υ
804 2298 816 2318 s
854 2289 883 2318 in
915 2289 1028 2319 historia
1057 2290 1150 2320 morbi
1180 2292 1207 2321 Sc
1237 2291 1338 2322 mortis
1376 2290 1498 2328 Philippi
1531 2289 1586 2322 NB
1599 2298 1619 2321 Β.
1631 2300 1653 2321 ι.
1689 2288 1867 2328 Frequenter

263 2333 381 2353 ommno
400 2325 428 2353 id
449 2325 507 2355 fieri
529 2326 578 2356 ΡΣ
591 2336 607 2356 n
622 2337 672 2357 ΝΒ
686 2339 755 2358 ωυ
769 2339 781 2358 s
806 2330 836 2359 in
860 2330 1000 2368 Patholog.
1030 2331 1061 2362 L.
1087 2332 1120 2361 V.
1141 2342 1164 2362 c.
1195 2341 1241 2361 12.

371 2366 383 2399 )
407 2365 426 2395 F
438 2376 445 2393 ι
459 2375 471 2395 s
486 2376 504 2396 c
519 2377 539 2396 H
552 2377 568 2397 ι
582 2376 602 2396 R
620 2369 653 2396 de
676 2370 758 2398 modo
783 2380 838 2408 quo
853 2368 885 2408 J}
904 2368 958 2410 ffz
981 2374 1166 2402 accomodant
1185 2374 1239 2404 &c.
1263 2383 1293 2412 p.
1323 2382 1370 2412 32.

371 2406 386 2483 ))
409 2408 495 2435 Henr.
514 2409 620 2438 franc.
646 2407 673 2437 {e
695 2409 721 2439 D
736 2419 757 2439 R
773 2421 823 2441 An
845 2409 948 2449 observ.
972 2413 1005 2442 de
1023 2414 1091 2444 chir.
1117 2424 1166 2450 4ο.

413 2447 508 2493 ΜΛΝ
523 2458 542 2477 N
556 2459 574 2479 ε
594 2450 624 2478 in
645 2449 702 2482 obs.
724 2451 788 2489 post
824 2451 976 2487 Droms
991 2465 1025 2488 u
1049 2465 1131 2488 cours
1158 2457 1193 2488 de
1218 2455 1368 2494 chirzcrgie.

409 2487 495 2521 L1bro
515 2488 550 2522 V.
567 2490 602 2530 ,δέ
621 2489 678 2524 IX.
