2003 2748
566 152 1289 196 'AUCTOR152
1640 148 1721 192 Vri?

105 251 399 310 experimenta
415 277 427 299 ‚
457 247 765 294 morbosorum
791 263 1027 307 corporum
1050 255 1166 306 aptas
1198 245 1348 289 nostris
1377 243 1534 289 finibus
1558 244 1721 288 incilio-

102 326 175 356 nes
193 341 204 359 ,
238 310 361 354 nobis
380 340 392 358 2
425 324 565 367 neque
583 325 681 352 caro
710 307 859 352 vendit
876 338 886 355 ,
923 323 1026 366 quas
1051 322 1141 350 non
1164 307 1332 350 licuerit
1352 306 1537 365 propriis
1561 303 1721 348 exhaw

101 371 186 415 rire
214 369 445 414 laboribus.
480 368 634 412 Totius
669 368 930 425 antiquitatis
963 366 1150 410 thesauri
1168 399 1178 415 ,
1212 365 1280 410 sed
1316 365 1511 425 inprimis
1544 374 1727 409 centum

102 434 149 476 ἃ
174 431 334 489 Viginti
361 443 575 473 annorum
596 429 773 472 inventa
788 458 799 475 ‚
826 427 948 471 nobis
968 427 1008 470 se
1027 427 1216 470 offerunt
1231 457 1242 474 ,
1272 427 1347 485 qui
1371 425 1594 470 noviflime
1611 424 1721 483 elap-

101 490 134 534 ᾗ
159 489 258 533 sunt
274 520 285 538 ,
318 491 362 533 ὃς
388 487 544 547 quibus
574 489 670 546 plus
701 488 882 531 omnino
910 486 964 530 ad
996 485 1352 545 cognoscendum
1378 501 1533 530 verum
1549 483 1721 544 profec-

100 559 198 594 tum
217 549 274 592 est
293 579 303 598 ‚
335 564 469 608 quam
486 548 805 607 quinquaginta
824 578 834 595 ‚
869 562 967 606 quae
993 546 1320 605 praecefl'erunt,
1354 544 1514 589 seculis.
1549 543 1724 603 Magna·

99 607 420 653 academiarum
443 607 575 651 diaria
593 608 849 652 varietatem
875 606 1203 650 reconditorum
1219 636 1230 653 ‚
1263 621 1404 664 neque
1422 606 1595 664 privato
1621 606 1720 647 sem-

98 683 177 728 per
186 667 354 712 homini
367 668 695 716 imitandorum,
708 668 1122 727 experimentorum,
1135 668 1179 710 &
1190 664 1381 708 historias
1392 665 1626 724 peculiares
1645 680 1718 707 lic-2

98 729 163 772 bis
194 729 382 772 offerunt
395 758 405 777 ‚
438 743 536 787 quae
556 729 701 787 paucis
714 728 883 786 paginis
904 727 1146 771 multorum
1165 741 1381 768 annorum
1403 724 1566 769 labores
1587 725 1726 768 conti-2v

98 794 214 832 nent.
232 789 298 831 Ita
311 788 409 832 alias
425 792 467 834 ἃ
480 789 576 832 alias
593 788 784 847 corporis
795 796 936 846 partes
947 787 1141 846 proprias
1152 784 1230 829 fibi
1244 784 1393 844 passim
1405 785 1599 835 fecerunt
1610 785 1695 830 viri
1707 813 1719 832 ‚

100 848 156 892 ad
179 848 491 906 inquirendum
512 848 630 896 nati,
665 851 709 893 ἅ
725 847 936 906 pertinaci
955 848 999 890 in
1018 847 1146 897 unica
1163 845 1390 904 provincia
1410 843 1572 888 solertia
1585 875 1596 892 ,
1623 860 1725 888 eam·-

98 906 398 952 exhauserunt.
432 907 562 953 Vides
590 906 709 968 spem
738 906 850 951 nasci
872 936 883 954 ‚
921 907 1048 950 etiam
1070 906 1182 949 iniis
1210 905 1403 965 corporis
1418 903 1599 947 humani
1621 919 1722 963 pro--

96 967 248 1011 vinciis
277 967 342 1012 Te
367 984 457 1012 non
477 969 648 1028 penitus
678 967 963 1028 peregrinum
986 965 1080 1010 fore
1096 996 1107 1014 ,
1145 981 1250 1024 quas
1274 979 1503 1024 nunquam
1528 963 1607 1008 nifi
1625 979 1726 1008 curo*

94 1026 179 1071 fini
204 1027 307 1071 Tibi
333 1028 510 1072 invisere
530 1029 708 1072 licuerit.

158 1087 303 1131 Audio
344 1089 622 1132 reclamantes
668 1088 887 1132 librorum
921 1095 1209 1132 contemtores
1233 1116 1244 1135 ‚
1298 1086 1373 1145 qui
1402 1085 1507 1129 nihil
1534 1085 1688 1144 legunt
1707 1115 1719 1134 5

97 1146 175 1191 nifi
194 1149 367 1192 noviter
395 1149 626 1192 inventum
642 1178 653 1196 ‚
689 1149 765 1207 qui
785 1154 940 1190 aztci‘ores
964 1162 1193 1205 nunquam
1219 1147 1449 1189 nominant
1465 1175 1476 1194 ,
1509 1146 1616 1204 quin
1632 1161 1726 1189 unav

94 1205 298 1251 refutent.
331 1208 482 1267 Vulgo
512 1208 571 1252 ita
602 1207 783 1252 sentitur
808 1209 854 1251 in
886 1216 1016 1266 gente
1037 1205 1261 1265 ingeniosa
1281 1236 1292 1254 ,
1329 1208 1373 1250 &
1401 1206 1512 1253 acri,
1546 1221 1679 1264 quam
1697 1221 1720 1248 a

95 1266 289 1326 legendis
310 1266 426 1311 libris
450 1267 559 1327 saepe
584 1268 839 1327 linguarum
865 1267 1116 1326 ignorantia
1147 1265 1350 1309 absterret
1369 1295 1379 1313 ‚
1411 1279 1546 1323 quam
1578 1265 1629 1308 ad
1650 1280 1720 1308 lia-²

95 1336 240 1371 turam
265 1327 526 1372 audiendam
557 1330 859 1388 opportunitas
883 1324 1220 1370 incidendorum
1247 1324 1511 1369 cadaverum
1534 1325 1692 1369 invitat
1709 1355 1720 1373 ‚

96 1402 232 1446 quam
245 1387 430 1448 denique
449 1388 579 1433 ardor
598 1388 814 1438 enitendi,
849 1387 1225 1447 praemiorumque
1248 1416 1259 1435 ‚
1295 1387 1339 1431 ὃς
1371 1384 1727 1430 academicorum

96 1447 328 1492 titulorum
349 1447 509 1508 cupido
531 1448 736 1494 sollicitat.

156 1507 293 1552 Recte
316 1507 548 1559 hactenus,
582 1508 613 1552 fi
639 1525 708 1553 eos
733 1509 925 1553 monitos
954 1510 1113 1553 volunt
1132 1538 1143 1556 ‚
1177 1508 1254 1567 qui
1271 1507 1452 1565 legunt,
1485 1504 1724 1549 hominum·

95 1566 137 1610 se
171 1566 321 1626 scripta
349 1568 494 1625 legere
511 1597 523 1615 ,
564 1567 654 1611 falli
693 1584 792 1615 eos,
832 1567 1027 1626 adeoque
1054 1567 1200 1610 fallere
1221 1596 1232 1614 ‚
1266 1576 1468 1609 naturam
1495 1565 1613 1608 idem
1640 1565 1720 1608 effe

97 1641 200 1669 cum
227 1641 345 1669 vero.
382 1627 518 1669 Recte
536 1626 567 1668 fi
598 1626 793 1684 quotidie
809 1628 1028 1669 inculcant
1044 1656 1054 1674 ‚
1088 1626 1185 1683 plus
1201 1625 1378 1666 luminis
1397 1654 1408 1672 ‚
1440 1625 1537 1682 plus
1563 1624 1657 1667 veri
1674 1624 1725 1666 in-

95 1684 222 1728 rebus
251 1683 446 1745 inspeetis
481 1685 588 1734 effe,
627 1700 762 1744 quam
792 1686 921 1729 etiam
955 1686 999 1728 in
1027 1699 1131 1729 vera
1169 1698 1318 1727 earum
1351 1685 1500 1727 rerum
1530 1682 1718 1726 historia.

95 1744 231 1789 Recte
255 1745 286 1788 fi
312 1753 541 1805 repetunt,
574 1745 706 1790 leet-os
738 1745 870 1789 libros
891 1744 995 1789 nihil
1017 1745 1123 1788 novi
1141 1743 1384 1802 cognitioni
1418 1742 1623 1787 humanae
1650 1741 1720 1786 ad-

96 1804 196 1849 dere
215 1835 226 1854 ,
259 1804 480 1849 thesauros
506 1805 584 1849 esse
601 1836 612 1854 ‚
647 1806 723 1864 qui
747 1804 1021 1856 numerando
1046 1819 1136 1847 non
1164 1813 1406 1862 augentur:
1440 1801 1576 1846 solam
1592 1812 1720 1846 natu-

96 1881 190 1909 ram
213 1881 441 1924 nunquam
461 1864 649 1914 consuli,
689 1866 797 1924 quin
824 1881 900 1909 nos
932 1864 1112 1912 doceat,
1144 1861 1452 1906 inexhaustum
1477 1861 1645 1906 fontem
1663 1862 1717 1908 es-

96 1925 132 1968 se
151 1955 162 1974 ,
215 1941 268 1969 ex
295 1941 383 1984 quo
421 1928 464 1970 ὅς
489 1926 632 1985 prima
658 1925 798 1970 secula
826 1940 984 1970 verum
1013 1922 1245 1966 hauserunt
1261 1953 1272 1970 ‚
1320 1925 1365 1969 ὃς
1385 1922 1606 1982 posteritas
1638 1924 1713 1966 mi=

97 1986 213 2029 nime
239 1984 506 2029 diminutum
529 1984 711 2029 hauriet.
745 1985 841 2028 Sola
863 2000 981 2028 nova
1003 1982 1086 2032 est,
1121 1981 1209 2025 sola
1228 1980 1336 2031 fida,
1369 1997 1604 2041 nunquam
1617 1981 1723 2027 satis.

97 2045 254 2088 colitur
273 2075 284 2094 ‚
316 2060 544 2103 nunquam
573 2043 740 2089 frustra.

151 2105 326 2159 >Verum
343 2105 469 2150 nimis
484 2121 595 2149 acres
608 2106 638 2148 ii
652 2105 735 2149 viri
746 2114 873 2149 erunt
885 2135 896 2154 ,
921 2104 952 2147 fi
972 2103 1071 2148 ideo
1094 2105 1243 2149 nolent
1256 2134 1266 2153 ,
1285 2118 1361 2147 nos
1375 2119 1476 2148 vere
1491 2117 1570 2163 per
1581 2102 1722 2146 libros

98 2161 323 2222 proficere,
339 2166 383 2211 ὅ(
396 2180 443 2208 ea
453 2164 564 2209 forte
575 2167 686 2208 ratio
701 2164 773 2214 est,
789 2181 888 2223 quae
899 2164 1139 2212 interceffit‚
1156 2180 1245 2223 quo
1260 2165 1401 2207 minus
1414 2164 1547 2222 longe
1561 2162 1714 2222 paffim

98 2226 145 2268 ὃς
161 2223 207 2266 in
235 2233 432 2268 anatome
451 2228 494 2270 &
512 2226 557 2268 in
572 2224 845 2285 physiologia
857 2221 1239 2284 progrederentur.
1262 2223 1427 2268 Coram
1440 2223 1569 2269 video
1587 2238 1714 2267 exem

99 2282 225 2341 plum
240 2313 250 2331 ‚
279 2284 425 2328 virum
450 2286 525 2344 qui
546 2286 841 2345 experimenta
863 2284 989 2333 facit,
1024 2286 1068 2330 &
1097 2298 1416 2343 nonnunquam
1441 2284 1597 2342 repetit
1614 2313 1625 2331 ‚
1650 2283 1712 2325 in-

98 2342 230 2401 genio
260 2359 365 2388 vero
394 2345 521 2389 etiam
551 2346 598 2388 in
620 2361 666 2389 ea
693 2354 823 2405 gente
853 2345 1018 2389 excellit
1042 2376 1053 2394 ‚
1090 2360 1189 2404 quae
1210 2345 1388 2403 ingenio
1419 2344 1589 2387 eminet.
1625 2344 1711 2388 Ve=

98 2416 200 2446 rum
225 2419 314 2447 non
334 2404 442 2462 legit
457 2435 468 2453 ‚
500 2406 678 2463 ignorat
701 2406 886 2449 rationes
910 2404 1082 2450 dudum
1102 2406 1148 2448 in
1166 2414 1403 2463 utrumque
1423 2401 1592 2447 sensum
1606 2417 1711 2461 pro-

95 2461 278 2525 positas,
310 2479 400 2521 non
420 2466 626 2526 percipit,
660 2467 854 2524 quantis,
883 2480 1016 2526 quam
1040 2464 1215 2511 dudum
1235 2464 1459 2515 enarratis,
1485 2462 1714 2565 difficqistae

1597 2530 1631 2566 ti
1661 2532 1711 2564 us
