2003 2748
308 171 365 207 75
840 151 1077 192 LIB.II.
1139 150 1364 192 VASA.

368 253 641 293 Mesentericam
654 250 841 290 arteriam,
878 246 1154 291 mesocolicam,
1179 247 1365 289 coeliacam
1384 248 1517 297 integri
1532 248 1663 298 plexus
1690 253 1813 289 nervei
1831 253 1899 289 cir-

309 314 527 363 cumplicant
546 339 555 354 ,
593 309 611 347 a
635 320 770 358 magno
798 306 1003 345 abdominis
1028 307 1178 356 ganglio
1206 309 1288 345 nati.
1327 306 1370 345 Et
1387 308 1496 357 aliqui
1522 308 1595 345 fere
1622 312 1725 347 nervi
1751 310 1899 349 eosdem

307 386 391 412 cuni
417 371 549 409 arteriis
568 369 704 406 canales
721 367 812 404 uasti
835 366 937 409 sunt,
969 375 1010 405 ut
1031 369 1068 404 in
1098 367 1221 404 illustri
1239 367 1409 416 exemplo
1431 369 1552 405 trunci
1578 369 1813 413 intercostajis
1837 370 1898 406 ad-

307 440 431 482 paret,
466 430 528 479 qui
550 430 586 466 ὃς
611 428 682 477 ipse
703 426 854 465 carotidi
871 454 881 469 ,
930 425 988 463 sed
1020 426 1150 476 absque
1175 427 1320 465 ramulis
1344 428 1382 464 in
1410 440 1448 465 ea
1474 429 1705 467 manentibus
1721 457 1731 472 ‚
1772 430 1899 478 utique

306 491 494 529 incumbit.

366 550 498 599 Neque
522 549 674 586 dubium
696 547 744 584 est
760 575 770 589 ,
805 557 889 583 cum
913 545 1009 583 nulla
1037 546 1167 596 absque
1188 558 1301 584 nervo
1324 546 1409 584 fibra
1427 546 1632 585 muscularis
1649 546 1711 589 fit,
1751 548 1788 585 &
1812 560 1896 585 cum

308 610 436 659 absque
459 622 497 646 ca
524 609 559 644 vi
576 636 585 650 ‚
623 620 701 656 quce
721 618 783 656 per
804 617 936 642 nervos
960 606 1129 648 advenit,
1169 606 1296 643 debilis
1314 608 1468 643 omnino
1491 605 1532 648 fit
1553 619 1592 643 ea
1608 608 1794 655 potentia,
1829 619 1899 656 qua

310 683 357 707 εκ
375 669 470 706 fibrae
495 667 781 708 contrahuntur,
822 665 992 702 nervulos
1021 665 1112 703 adeo
1142 665 1185 702 ad
1216 677 1358 702 carneas
1386 664 1491 702 fibras
1515 667 1725 703 arteriarum
1751 666 1899 705 accede-2

307 741 344 767 fc
361 757 370 770 ‚
404 727 464 765 etsi
485 738 595 764 nemo
611 754 620 769 ‚
654 732 830 775 quantum
850 726 1002 762 memini
1022 753 1031 767 ,
1069 724 1245 772 ejusmodi
1278 724 1438 762 surculos
1465 724 1731 762 demonstravit.

366 786 529 836 Exiguos
549 815 558 829 ,
593 797 661 835 pro
692 786 804 822 totius
838 786 972 821 arteriae
988 786 1181 833 portione,
1213 782 1304 826 effe,
1351 784 1386 820 ὃς
1415 795 1461 820 ex
1488 783 1655 821 cellulosa
1674 785 1750 831 ejus
1770 789 1900 822 natura

305 847 430 894 colligi
456 845 596 895 potest,
634 846 669 882 &
691 857 735 881 ex
766 844 875 880 debili
899 846 1055 881 omnino
1083 843 1204 886 sensu,
1244 855 1354 893 quem
1373 845 1619 892 experimenta
1646 844 1684 880 in
1708 844 1796 880 vivis
1826 844 1901 880 aui·

306 905 459 944 malibus
484 905 570 942 fasta
598 906 635 941 in
660 905 794 941 arteriis
825 903 1027 941 ostendunt.
1066 903 1268 952 Nunquam
1295 904 1392 939 enim
1423 902 1539 941 ullum
1565 902 1697 940 aniinal
1720 903 1822 951 queri
1849 903 1902 939 vi⁹

308 966 368 1008 di,
404 973 463 1003 aut
484 964 621 1002 doloris
646 964 751 1006 edere
779 962 956 1000 indicium
974 991 982 1005 ,
1017 962 1106 1000 dum
1128 964 1292 1001 arteriam
1312 961 1460 1001 vinculo
1494 961 1760 1009 adstringebam
1790 960 1810 1008 (
1829 972 1852 997 n
1871 961 1898 1006 ),

307 1022 351 1063 Et
375 1024 620 1066 uinbilicale5‚
664 1024 700 1060 ἅς
732 1022 944 1072 placentales
981 1024 1123 1063 arterias
1155 1021 1285 1076 absque
1312 1032 1427 1058 nervo
1456 1020 1522 1058 effe
1551 1029 1693 1062 certum
1720 1019 1769 1060 est
1786 1047 1796 1063 ‚
1836 1021 1902 1070 qui

308 1083 378 1121 ulla
403 1092 475 1121 arte
503 1082 643 1121 ostendi
669 1081 784 1131 poffit.

800 1195 835 1235 ἓ.
871 1189 909 1228 Χ
926 1189 943 1228 I
961 1190 977 1228 Ι
994 1189 1019 1227 i.
1088 1190 1154 1228 Vis
1180 1189 1398 1230 contraffilis.

369 1304 406 1341 Si
422 1302 518 1340 fibrae
532 1314 666 1339 carneae
690 1303 727 1338 in
750 1301 874 1338 arteria
889 1298 988 1343 sunt,
1009 1299 1219 1336 irritabilem
1237 1297 1343 1336 inesse
1363 1305 1525 1336 naturam
1549 1296 1686 1336 necesse
1709 1297 1758 1334 est
1772 1325 1781 1339 ‚
1812 1308 1898 1336 cum

306 1362 548 1412 inseparabilia
578 1363 616 1398 in
647 1373 801 1410 corpore
833 1360 994 1398 humano
1023 1358 1090 1396 sint
1108 1388 1117 1402 ,
1166 1358 1409 1397 musculosum
1442 1357 1508 1396 effe
1540 1357 1768 1395 &irritabile
1799 1358 1817 1404 (
1834 1357 1903 1402 0)

307 1422 517 1461 Distinffius
540 1429 659 1458 tamen
684 1422 719 1458 δὲ
740 1421 914 1463 minutius
929 1448 939 1464 ,
979 1431 1024 1462 ne
1051 1420 1088 1455 in
1111 1430 1270 1456 errorem
1292 1417 1494 1460 ,incidamus
1512 1446 1522 1460 ,,
1558 1418 1602 1455 de
1624 1418 1757 1455 arteriae
1778 1425 1902 1454 natura

304 1481 507 1521 contradiili
528 1480 724 1518 dicendum
754 1480 812 1517 est.

365 1540 409 1579 Et
431 1542 590 1590 primum
610 1540 756 1578 firmitas
782 1539 853 1576 sola
877 1541 1011 1577 arteriae
1025 1567 1033 1582 ,
1073 1539 1108 1575 ἃς
1130 1540 1272 1576 innatus
1290 1536 1449 1575 cellulosi
1464 1543 1585 1579 textus
1620 1536 1749 1578 elater,
1778 1534 1895 1583 aliqua

308 1601 406 1649 signa
427 1601 569 1638 roboris
594 1600 775 1640 exhibent.
816 1598 900 1636 Huc
924 1611 1013 1647 ergo
1038 1598 1154 1635 refero
1171 1626 1180 1640 ,
1219 1597 1319 1646 quod
1346 1599 1470 1634 arteria
1489 1596 1625 1634 dissecta
1647 1595 1751 1633 suum
1776 1594 1902 1632 lumen

309 1668 473 1710 apertum
501 1660 615 1696 servet
632 1688 640 1701 ,
688 1671 795 1707 quam
821 1657 1057 1696 constantiam
1087 1657 1233 1694 luminis
1253 1657 1290 1692 in
1315 1655 1389 1705 ipso
1419 1655 1520 1705 pullo
1541 1684 1551 1699 ‚
1597 1654 1742 1692 decimo
1769 1655 1901 1705 quinto
1940 1698 1954 1708 X

309 1720 369 1757 die
390 1720 560 1757 incubato
575 1748 583 1762 ,
603 1718 657 1755 his
679 1718 805 1755 diebus
829 1717 912 1754 vidi.
949 1716 1054 1753 Vena
1070 1718 1166 1753 enim
1189 1714 1326 1752 diffetta
1354 1716 1565 1758 collabitur,
1594 1715 1718 1751 arteria
1735 1712 1768 1750 se
1795 1719 1904 1750 retra-

308 1780 364 1817 hit
386 1808 395 1823 ,
429 1780 464 1816 ἃ
486 1791 569 1816 cava
586 1787 730 1815 manet.
769 1776 884 1814 nihilo
907 1776 1042 1814 arfflor.
1079 1775 1211 1825 Neque
1235 1774 1434 1825 quidquam
1459 1774 1552 1812 ultra
1577 1774 1713 1823 requiri
1738 1771 1904 1809 credide-

311 1841 379 1885 rim
401 1839 444 1876 ad
469 1833 578 1888 plicas
600 1837 675 1875 illas
687 1836 864 1876 faciendas
881 1865 890 1879 ,
913 1838 952 1872 in
972 1848 1059 1885 quas
1085 1834 1221 1874 dissecta
1254 1837 1378 1872 arteria
1407 1837 1444 1872 in
1478 1833 1687 1872 vulneribus
1711 1831 1903 1868 collabitur

308 1899 326 1946 ί
343 1907 366 1946 p
385 1897 425 1947 )‚
464 1898 500 1935 &
524 1897 568 1934 ad
589 1910 674 1946 quas
703 1909 780 1934 non
805 1897 955 1932 minima
983 1906 1062 1944 pars
1088 1896 1244 1944 pertinet
1266 1895 1340 1941 ejus
1360 1906 1474 1937 curae,
1509 1905 1579 1942 qua
1602 1899 1728 1930 natura
1748 1890 1903 1938 haemor-

309 1958 450 2006 rhagias
472 1957 674 2006 compescit.
710 1955 883 1994 Eamdem
911 1956 1017 1992 etiam
1039 1955 1113 1991 vim
1135 1952 1201 1991 esse
1223 1953 1332 1991 credo
1348 1982 1357 1996 ‚
1392 1965 1462 2003 qua
1482 1954 1607 1989 arteria
1622 1980 1632 1994 ,
1680 1961 1765 1988 cum
1786 1960 1902 1986 nervo

312 2026 539 2067 comparata,
574 2018 717 2055 brevior
741 2015 912 2052 redditur.
947 2013 1084 2052 Arteria
1113 2024 1164 2059 27
1192 2013 1302 2050 lineas
1329 2026 1413 2051 cum
1442 2024 1463 2058 7
1495 2012 1645 2048 decimis
1673 2008 1787 2057 longa
1815 2019 1904 2045 con-

312 2080 418 2115 traxit
440 2078 474 2115 se
498 2076 635 2114 diffetta
649 2076 691 2113 ad
716 2075 912 2113 duodecim
937 2074 1046 2111 lineas
1073 2075 1090 2119 ζ
1109 2086 1130 2120 q
1149 2073 1168 2121 >
1184 2101 1193 2116 ‚
1227 2073 1336 2123 triplo
1355 2076 1391 2112 &
1416 2070 1611 2121 quintuplo
1628 2070 1766 2118 magis,
1793 2078 1902 2118 quam
1927 2062 1929 2065 ’

310 2148 442 2175 nervus
473 2137 565 2185 (r).
602 2134 734 2174 Eadem
764 2133 912 2174 extendi
942 2133 1064 2182 potuit
1085 2132 1129 2171 ad
1159 2143 1204 2179 55
1237 2131 1372 2176 lineas,
1421 2130 1628 2181 priusquam
1660 2134 1898 2177 rumperetur.

1833 2184 1903 2223 Sed

353 2284 367 2316 <
385 2283 432 2320 η)
455 2284 558 2313 Second
578 2282 714 2313 Memoir.
737 2280 791 2320 ficr
813 2283 848 2311 les
863 2287 936 2319 part.
962 2279 1073 2320 sezgsz'bl.
1098 2292 1124 2320 p.
1156 2291 1224 2320 217.

354 2329 366 2358 ἦ
389 2334 403 2353 ο
424 2326 433 2358 )
457 2326 580 2353 Ρνιήιῑέν
601 2324 738 2353 Memozr.
759 2321 813 2361 sur
834 2323 1024 2353 l'irritahir'ite'
1046 2333 1075 2361 p.
1103 2332 1148 2360 53.

306 2383 308 2385 -
354 2365 368 2399 (
384 2373 402 2402 p
419 2365 431 2401 )
453 2365 486 2394 Μ
499 2375 516 2393 0
529 2375 549 2394 R
564 2375 580 2393 A
595 2373 616 2393 N
632 2373 649 2392 n
676 2364 707 2392 in
726 2365 860 2393 ffilemoir.
879 2365 912 2392 de
935 2363 1045 2393 Meua.
1067 2365 1136 2402 ΚΟ).
1167 2365 1212 2393 des
1239 2363 1342 2393 Scione.
1373 2362 1459 2400 ¹736.

355 2409 361 2434 (
384 2407 431 2443 q)
452 2406 558 2435 SAuv
573 2414 665 2433 Aeas
689 2405 774 2433 them:
798 2411 900 2434 tumor.
931 2414 949 2441 p
989 2406 1015 2435 8.
1037 2407 1081 2434 De
1099 2403 1178 2445 pulsu
1197 2413 1224 2442 p.
1246 2414 1272 2433 2.
1302 2403 1398 2432 Aortae
1423 2402 1556 2433 humanae
1587 2398 1754 2439 portionem
1774 2405 1790 2427 a
1813 2404 1848 2427 21
1869 2394 1902 2425 xi·-

311 2446 374 2476 meis
397 2447 433 2476 ad
458 2456 490 2483 ¹3
514 2446 540 2475 se
555 2445 719 2475 restrinxiffe
739 2446 838 2475 audior
861 2445 898 2476 est
920 2444 964 2476 111.
987 2446 1031 2476 Su
1045 2454 1066 2476 Ν
1080 2455 1132 2476 Ac
1157 2446 1175 2476 1.
1196 2454 1221 2476 c.
1243 2454 1272 2483 p.
1304 2453 1371 2482 ²39·

353 2492 397 2522 tv>
417 2488 429 2525 )
452 2486 672 2518 ὃΛυνΛοῑε
705 2496 731 2524 p.
753 2495 779 2523 9.
