2003 2748
293 184 345 213 22
579 172 704 212 LIB.
735 172 767 211 I.
813 172 998 214 CORP.
1035 173 1189 214 HUM.
1228 173 1617 216 ELEMENTA:

353 267 439 310 Oss'a
457 281 501 307 ex
511 269 691 318 periosteo
709 270 802 308 nasci
815 272 868 307 vir
887 270 955 309 suo⁴
974 273 1105 309 merito
1124 272 1379 310 celeberrimus
1405 272 1532 310 docuit
1557 274 1574 320 <
1584 271 1666 319 z),
1686 276 1885 323 nupemmss

292 343 366 380 que
390 329 617 367 defensorem
646 329 768 367 naeus
804 330 852 367 est
880 329 983 381 (a).
1016 331 1156 369 Verum
1195 331 1220 368 si
1244 334 1280 369 in
1312 332 1404 369 hanc
1429 332 1639 370 sententiam
1674 333 1889 372 descendere

293 389 369 427 alite
395 402 453 427 me
474 390 630 426 rationes
660 389 875 438 prohibent,
903 398 1023 428 tamen
1051 391 1236 428 evidenter
1269 391 1454 442 epiphyses
1481 392 1617 430 cellulis
1637 392 1752 442 plenae
1775 393 1880 438 sunt,

286 462 374 500 1312ae
391 449 462 486 sola
485 449 642 486 dui-itate
657 461 675 486 a
688 448 755 486 tela
769 478 778 492 ,
811 451 919 486 toties
939 450 1078 488 laudata
1095 479 1104 493 ‚
1130 451 1310 489 differunt.

353 508 443 546 Duo
459 516 579 546 autem
598 509 635 545 in
647 521 804 558 corpore
827 510 989 547 humano
1002 539 1011 553 ‚
1045 509 1256 559 praetenossa.
1274 540 1283 554 ‚
1317 524 1449 558 genera
1476 510 1646 549 fibrarum
1666 511 1748 550 sunt
1762 541 1771 555 ‚
1809 524 1889 562 quae

292 568 362 606 suis
374 569 521 606 dotibus
532 580 549 605 a
566 567 725 606 cellulosi
744 576 862 606 textus
875 569 940 606 filis
953 569 1090 607 distant.
1128 570 1273 619 Nempe
1285 570 1372 608 fibra
1390 571 1593 608 muscularis
1607 601 1615 615 ,
1632 572 1768 621 semper
1782 573 1884 615 retia,

291 628 432 678 suisque
455 628 618 677 parallela
644 628 823 666 sodalibus
838 657 847 671 ‚
870 629 1046 678 nusquam
1064 631 1169 666 ramis
1186 630 1253 667 suis
1273 643 1356 667 vere
1386 634 1423 667 in
1444 633 1576 667 vicinas
1596 630 1701 668 fibras
1723 631 1851 669 inserta
1874 660 1884 674 ,

293 688 474 725 irritabilis
494 687 663 730 demum,
697 687 840 726 alterius
857 678 1007 738 Quidem
1032 689 1164 726 indolis
1185 689 1251 726 elle
1271 689 1421 727 videtur.
1459 689 1606 727 Deinde
1620 691 1775 728 medulla
1792 703 1890 729 cere-

291 748 372 790 bri,
402 749 437 784 δε
462 759 541 797 quae
557 746 640 783 inde
656 750 894 785 continuatur
912 760 1110 785 nervorum
1131 748 1337 787 medullaris
1362 757 1486 789 natura
1503 777 1512 791 ‚
1547 750 1582 785 &
1598 748 1821 798 simplicitate
1839 749 1891 787 fa'-

294 808 422 850 bricae,
455 808 490 843 &
517 808 725 844 continuam
746 806 876 856 absque
914 808 1108 845 intervallis
1130 808 1383 857 longitudine,
1419 809 1454 846 ἃ
1481 808 1692 847 testitudine
1718 809 1890 846 fibrarum

293 879 482 916 nunquam
509 868 547 903 in
573 869 690 904 nervis
708 866 936 905 confusarum
966 875 1027 905 aut
1046 869 1262 906 irretitarum
1277 896 1286 910 ‚
1322 869 1357 905 &
1385 868 1535 906 denium
1558 867 1710 905 senfibili
1724 868 1851 931 {pdole
1869 880 1893 906 a·

292 935 395 964 textu
412 925 583 963 celliiloso
596 925 773 976 separatur
788 955 797 969 ‚
831 926 892 964 etsi
909 928 1005 966 nulla
1021 929 1160 964 ratione
1188 928 1256 966 suae
1281 929 1465 977 opinionis
1488 928 1566 965 data
1583 956 1592 970 ,
1624 940 1668 965 eo
1689 927 1811 965 retulit
1830 926 1901 964 CL„

293 999 318 1024 Ι)
333 998 352 1023 Ε
387 999 407 1022 L
420 998 443 1022 A
466 985 530 1024 CA
544 998 565 1022 z
580 997 599 1023 Ε
634 981 722 1035 (b).
767 984 800 1023 Is
819 989 916 1024 enim
933 1016 942 1030 ‚
969 989 1023 1024 uti
1038 989 1190 1030 monui,
1214 999 1334 1037 neque
1353 987 1532 1024 irritabilis
1551 987 1621 1030 est,
1649 999 1769 1037 neque
1789 985 1895 1024 sensu

291 1046 436 1095 gaudet.

353 1105 441 1143 Haec
452 1111 573 1142 autem
588 1134 597 1148 ,
630 1118 708 1154 quoe
728 1105 772 1142 de
789 1105 956 1143 cellulosa
972 1105 1039 1143 tela
1054 1105 1169 1154 scripsi
1182 1135 1191 1149 ,
1219 1105 1279 1143 etfi
1294 1118 1388 1144 nova
1401 1105 1577 1156 plerisque
1593 1104 1893 1156 videri'poffuiit,{

293 1173 391 1202 certe
405 1178 482 1202 non
500 1172 582 1202 ante
598 1178 735 1203 annum
755 1177 767 1199 1
781 1176 876 1211 747.
904 1166 1048 1214 prodita
1062 1195 1070 1208 ‚
1101 1179 1178 1203 non
1207 1173 1328 1203 tamen
1346 1173 1405 1204 aut
1418 1168 1560 1215 penitus
1581 1178 1675 1203 nova
1696 1165 1777 1203 sunt
1797 1194 1806 1208 ,
1830 1171 1892 1203 aut

293 1225 424 1274 absque
440 1225 647 1262 auftoritate
660 1225 840 1262 clarorum
859 1226 1021 1262 virorum
1043 1224 1141 1262 dicia.
1176 1223 1220 1262 Et
1238 1226 1396 1274 primuni
1430 1224 1599 1263 Nicolaus
1624 1224 1890 1262 HARTSOEKER.

293 1284 392 1332 (c),
426 1296 471 1321 ex
493 1283 578 1321 vasis
601 1285 636 1321 ὃς
657 1284 825 1321 cellulosa
851 1286 998 1322 materie
1024 1291 1145 1321 totum
1166 1297 1298 1333 corpus
1318 1285 1470 1321 animale
1497 1283 1712 1333 composuit.
1742 1283 1891 1321 Deinde

299 1343 505 1381 Guilielmus
533 1343 747 1381 Cowpm
779 1356 908 1382 omnes
934 1346 1159 1381 membranas
1180 1344 1366 1381 manifesto
1397 1343 1604 1381 vesiculares
1632 1341 1720 1386 esse}
1753 1344 1788 1380 &
1805 1341 1892 1380 flatu

292 1402 450 1453 impulso
470 1405 508 1440 in
536 1397 742 1442 cellufflfam
757 1412 919 1441 naturam
934 1406 1064 1442 mutari
1080 1404 1235 1450 docuit(
1252 1403 1299 1450 d)
1317 1432 1339 1460 ³.
1353 1402 1499 1452 insignis
1524 1405 1654 1440 iteruin
1668 1404 1703 1440 in
1721 1410 1895 1440 anatome

292 1464 425 1500 aristot.
462 1462 577 1500 Porro
612 1462 764 1501 Thomas
779 1463 858 1501 Mo
872 1476 894 1500 R
912 1475 936 1500 G
949 1476 971 1500 A
984 1475 1008 1500 N
1025 1492 1034 1506 ‚
1070 1463 1273 1512 paradoxas
1296 1463 1412 1500 honio
1424 1492 1434 1505 ,
1460 1462 1596 1512 sibique
1614 1462 1677 1500 soli
1699 1461 1888 1504 credulus,

292 1522 365 1572 ipsa
378 1522 453 1560 vasa
471 1535 517 1560 ex
541 1535 585 1560 eo
605 1530 708 1561 textu
725 1523 888 1561 constare
906 1522 1037 1572 scripsit
1057 1524 1099 1569 (e
1112 1524 1141 1570 ).
1178 1522 1318 1559 Verum
1330 1534 1531 1571 paucorum
1552 1522 1746 1559 hominum
1762 1520 1891 1570 sparsas

293 1595 403 1620 voces
415 1582 517 1619 facile
530 1594 567 1620 ea
579 1582 753 1620 sententia
767 1580 949 1631 oppressit,
965 1594 1073 1631 quam
1085 1581 1285 1619 admirabili
1302 1580 1509 1630 eloquentia
1521 1580 1547 1618 B
1561 1593 1584 1618 o
1595 1593 1614 1617 E
1630 1594 1651 1617 iz
1665 1593 1689 1617 H
1703 1593 1725 1617 A
1738 1592 1758 1617 A
1774 1593 1797 1617 v
1812 1592 1823 1617 1
1840 1592 1862 1616 u
1874 1593 1892 1618 s

293 1641 504 1691 proposuit,
526 1642 561 1678 ἃ
580 1641 651 1690 ipse
665 1648 743 1678 tuni
757 1642 905 1678 demum
919 1640 995 1677 haec
1012 1669 1020 1682 ,
1036 1652 1115 1689 quae
1131 1652 1230 1677 nunc
1243 1642 1317 1676 cit-o
1335 1640 1526 1678 Clarorum
1548 1642 1711 1677 virorum
1731 1640 1809 1676 loca
1831 1645 1892 1676 aut

293 1702 387 1749 legi,
412 1709 569 1738 autcerte
589 1713 673 1738 cuni
690 1702 800 1737 animi
818 1700 862 1737 ad
875 1700 1038 1736 tentione
1054 1699 1136 1748 legi,
1164 1699 1310 1748 quando
1326 1701 1643 1748 experiiiieiitame
1655 1711 1733 1735 ame
1751 1698 1891 1736 dudum

293 1763 333 1798 in
357 1773 479 1797 veram
509 1762 603 1797 viam
629 1760 817 1797 duxerant.
865 1758 951 1796 Eam
974 1761 1079 1796 etiam
1111 1758 1289 1795 theoriam
1310 1757 1516 1807 Francisczts
1535 1757 1632 1794 Tui
1649 1770 1668 1794 E
1684 1771 1705 1795 R
1720 1770 1775 1795 ΚΥ
1793 1756 1862 1806 (f)
1877 1784 1889 1799 2

293 1819 524 1869 nuperusque
556 1820 827 1870 pseudonymus
845 1819 954 1867 (g),
985 1819 1022 1855 δι
1047 1818 1105 1856 alii
1133 1817 1218 1864 (h)
1254 1818 1335 1868 post
1365 1830 1444 1855 mea
1474 1817 1601 1867 scripta
1623 1816 1674 1855 Cl.
1704 1818 1771 1869 viri
1794 1828 1892 1854 rece—

293 1886 436 1930 permit.

354 1937 462 1981 Eam,
492 1950 600 1989 quam
628 1939 744 1977 modo
762 1937 976 1986 indigitavi,
1002 1937 1179 1974 theoriam
1202 1935 1358 1986 superest
1381 1943 1421 1974 ut
1446 1947 1653 1986 exponam,
1689 1947 1775 1973 cum
1797 1933 1890 1972 adeo

1820 1993 1890 2031 late

339 2115 403 2151 (2)
427 2114 500 2145 Alibi
527 2114 561 2145 de
586 2124 618 2144 ea
644 2115 694 2145 lite
723 2120 832 2153 agetur.
866 2109 1063 2152 Frmzcifium'
1078 2117 1176 2143 autem
1198 2122 1217 2142 n
1231 2122 1252 2143 υ
1274 2112 1303 2142 Η
1318 2121 1334 2142 Α
1351 2121 1399 2142 Mt
1413 2110 1510 2148 chio,
1535 2114 1629 2151 neque
1651 2109 1755 2149 absque
1777 2109 1862 2140 laude
1877 2129 1887 2145 ‚

296 2166 426 2187 nomino.

340 2198 405 2232 (a)
428 2196 470 2226 Cl.
486 2195 558 2226 dela
571 2197 588 2226 S
601 2206 618 2225 o
630 2206 650 2224 N
662 2207 675 2226 ε
690 2197 717 2225 in
728 2197 890 2226 Comment.
909 2195 994 2225 Acnd.
1012 2195 1075 2232 Reg
1100 2190 1309 2232 Scient.Plir1s.
1328 2203 1396 2225 ann.
1415 2202 1501 2231 1751.

340 2238 352 2272 (
366 2239 383 2266 h
395 2238 407 2273 )
431 2236 492 2266 Ide'e
505 2238 537 2266 cle
551 2237 678 2266 l'homme
688 2237 818 2275 phyfique
831 2236 868 2272 &²
880 2238 1006 2273 moralp.
1025 2240 1091 2274 326.

340 2280 399 2314 (c)
422 2280 498 2308 Saite
516 2279 562 2306 des
572 2277 740 2315 conjeblurer
751 2277 896 2315 physi'qzzes
911 2288 937 2315 p.
958 2288 1005 2312 91.

340 2320 408 2354 (d)
433 2318 517 2355 Apud
533 2319 558 2348 R
570 2329 583 2347 iz
597 2329 605 2347 i
617 2329 633 2347 ι,
643 2330 652 2347 ι
665 2329 685 2348 U
699 2330 719 2348 M
731 2341 738 2354 ,
764 2316 1056 2356 ostinimale-ction
1069 2327 1096 2356 p.
1117 2325 1182 2354 129.

341 2362 354 2396 <
367 2362 402 2394 e)
428 2359 739 2397 MechanicnlpracVice
755 2358 881 2397 os'phjfisc
895 2369 920 2397 p.
945 2368 954 2395 3
966 2366 1008 2394 38.

340 2404 352 2436 (
361 2401 402 2438 f)
428 2400 458 2429 ln
473 2400 540 2438 disp.
558 2402 629 2437 Ergo
645 2403 676 2429 in
691 2399 809 2439 cellulqsb
821 2406 903 2429 textu
918 2398 1095 2438 frequentius
1106 2400 1197 2428 morbi
1211 2398 1427 2435 &morborum
1440 2399 1601 2428 curationes
1613 2395 1695 2429 Paris.
1715 2403 1800 2436 1749.
1815 2399 1848 2433 43

341 2442 409 2479 (g)
432 2441 508 2471 Libri
524 2442 570 2479 qui
586 2441 634 2471 sub
647 2441 731 2472 titulo
750 2451 897 2471 amtomes
909 2441 1083 2479 Archangeli
1095 2441 1112 2470 P
1126 2451 1134 2469 ι
1150 2451 1167 2470 c
1180 2450 1197 2470 c
1210 2451 1228 2470 o
1242 2451 1257 2469 L
1271 2450 1291 2470 H
1304 2450 1323 2469 o
1336 2451 1358 2469 M
1373 2450 1381 2468 ι
1394 2450 1415 2469 N
1428 2450 1462 2469 Ei
1490 2440 1602 2479 prodiit.

341 2483 407 2519 (h)
430 2482 506 2512 Inter
519 2492 566 2512 eos
581 2482 696 2514 honoris
708 2484 797 2522 gratia
807 2483 925 2514 nomino
940 2482 1101 2520 Johmmem
1117 2482 1142 2513 D
1155 2491 1171 2513 o
1186 2492 1204 2513 υ
1221 2491 1239 2512 G
1254 2493 1271 2513 L
1284 2491 1305 2513 Λ
1323 2491 1346 2521 ε,
1363 2483 1508 2515 auctorem
1521 2481 1587 2512 libri
1598 2481 1630 2512 de
1643 2479 1783 2519 lvviirocele
1793 2477 1886 2510 Lond.

304 2530 431 2563 1755.8.
447 2523 516 2555 editi
527 2533 556 2562 p.
573 2527 622 2561 46.
