2003 2748
395 126 1249 174 '‘SECDL'ARTERIAE:
1591 138 1642 178 ες

56 233 230 272 summam
241 231 455 270 brevitatem
469 258 478 273 ,
513 229 661 279 quando
677 241 718 267 os
737 237 798 267 aut
809 228 974 277 sugentes
984 235 1044 266 aut
1063 227 1240 265 fibilantes
1255 222 1453 265 claudimus
1480 224 1494 269 ξ
1526 226 1642 265 modo

57 292 241 341 insigniter
261 290 527 331 extenduntur,
550 289 640 327 dum
666 288 877 330 oscitamus,
905 295 966 325 aut
988 288 1157 325 ridemus.
1203 286 1263 324 De
1293 294 1398 324 utero
1414 292 1547 324 notum
1566 286 1615 323 est
1630 315 1642 329 ,

57 353 95 389 &
119 353 155 388 in
171 363 215 388 eo
232 349 477 391 manifestum,
499 348 666 385 remores
685 347 778 389 fieri,
809 346 956 396 quando
972 348 1010 385 in
1028 346 1241 394 graviditate
1255 345 1509 384 extenduntur.
1545 344 1645 383 Cras-

57 411 91 447 sa
113 410 277 447 intestina
291 422 309 446 a
325 408 409 446 faece
426 408 541 445 alvina
557 435 567 449 ,
604 408 639 443 ὃς
652 418 670 443 a
685 405 839 443 flatubus
860 407 950 443 mire
973 405 1225 442 distenduntur
1238 433 1247 447 ‚
1282 406 1320 442 in
1340 412 1445 442 motu
1461 404 1647 453 peristalti-

57 482 105 507 co
135 469 226 506 adeo
248 474 410 505 accurate
441 466 639 508 atstantur,
680 472 720 503 ut
747 464 900 514 spinulas
929 463 1081 513 piscium
1113 465 1150 500 &
1173 463 1323 502 aciculas
1349 464 1535 501 devoratas
1560 475 1648 512 pro-

60 534 242 565 moveant:
276 526 340 563 Iris
366 525 410 562 ad
437 525 527 562 lucis
557 525 742 561 varietates
770 524 886 560 laxior
910 523 950 560 fit
977 523 1182 559 stristiorve.
1217 520 1474 560 Umbilicalem
1502 523 1647 560 funicu-

60 587 193 624 lumin
223 586 320 622 vario
348 583 441 621 fetus
468 583 534 621 sltu
561 582 698 621 necesse
726 582 776 620 est
794 582 909 620 modo
937 581 1085 630 longius
1113 594 1132 618 a
1151 581 1314 631 placenta
1334 582 1525 624 recedere,
1566 593 1650 620 mo«

61 646 109 682 do
131 646 298 694 proxime
317 643 362 681 ad
381 642 546 681 eamdem
566 642 691 680 redire.
726 640 867 679 Eodem
895 641 1010 678 modo
1039 639 1198 678 flexuosa
1209 643 1336 678 arteria
1356 640 1509 690 splenica
1533 641 1587 687 (u
1602 641 1644 688 ),

61 716 145 742 cum
168 704 264 741 liene
292 702 356 740 suo
390 703 426 739 ὃ(
448 714 534 740 curn
565 700 790 743 ventriculo,
825 701 909 738 cibo
931 699 1089 749 flatuque
1105 700 1281 742 distento,
1317 700 1464 748 longius
1481 699 1523 737 ab
1537 701 1650 748 origi-

60 776 107 800 ne
130 762 189 800 sua
213 765 250 800 in
274 760 451 799 finistrum
483 760 807 811 hypochondrium
829 759 995 797 educitur
1013 787 1023 801 ,
1070 760 1217 796 brevior
1244 760 1325 796 alias
1349 761 1511 796 immotae
1537 759 1652 806 origi-

60 824 99 860 ni
127 829 249 859 manet
269 822 432 858 vicinior.
467 819 572 858 Idem
593 820 638 857 de
657 819 806 868 linguan
825 820 950 856 arteria
978 830 1105 856 verum
1131 818 1181 855 est
1201 816 1316 867 (x),
1357 830 1436 867 quae
1466 829 1537 855 una
1562 829 1654 856 cum.

61 882 186 930 lingua
225 887 285 919 aut
320 880 467 928 longius
497 879 543 917 de
572 891 636 917 ore
663 880 760 921 exit,
808 885 869 915 aut
902 877 1093 915 retrahitur
1119 875 1292 919 viciffim,
1339 878 1556 925 breviorque
1577 877 1618 913 fit
1637 878 1655 918 ‚'

64 941 101 977 ἃ
135 940 180 978 de
207 939 505 989 gastroepiploica
534 938 647 987 (y),
694 950 772 987 quae
799 936 989 974 ventriculi
1017 935 1259 973 dimensiones
1287 934 1448 985 sequitur
1473 964 1482 978 ,
1529 937 1565 972 &
1606 935 1655 972 de

63 998 333 1037 bronchialibus
345 1026 354 1040 ,
375 1010 455 1047 quae
471 998 515 1034 ad
532 997 719 1046 pulmonis
740 995 989 1034 extensionem
1010 994 1125 1033 flexus
1141 1003 1283 1044 paratos
1304 995 1413 1032 nastae
1431 994 1512 1032 sunt
1527 994 1609 1042 (y*
1621 995 1658 1040 ).'

123 1057 239 1096 Facile
267 1069 356 1095 vero
382 1056 462 1094 finis
482 1056 684 1093 fabricantis
705 1062 838 1092 naturae
853 1054 1078 1104 prospicitur.
1114 1053 1252 1092 Arteria
1271 1054 1364 1091 flexa
1382 1055 1536 1091 omnino
1559 1053 1654 1090 mul-

65 1124 108 1155 to
131 1117 280 1166 longior
306 1116 356 1153 est
370 1144 380 1158 ‚
415 1127 454 1153 ea
476 1115 568 1153 rec‘ta
587 1115 679 1152 linea
695 1142 704 1157 ,
741 1126 820 1163 quae
846 1126 910 1162 per
932 1113 1068 1150 medias
1086 1112 1262 1150 flexiones
1282 1112 1423 1155 transit,
1455 1113 1492 1149 &
1519 1114 1655 1149 arteriae

64 1176 337 1224 longitudinem
349 1176 516 1216 metitur,
541 1173 568 1210 fi
580 1186 622 1222 ea
634 1173 724 1210 resta
740 1173 854 1217 foret3
880 1172 998 1221 potest
1017 1172 1108 1209 adeo
1123 1174 1247 1210 arteria
1258 1171 1349 1210 flexa
1367 1201 1377 1214 ‚
1412 1172 1555 1221 quoties
1577 1172 1655 1218 ejus

64 1234 145 1271 finis
157 1247 176 1272 a
192 1235 372 1284 principio
386 1239 617 1274 removetur,
636 1231 766 1281 absque
784 1231 860 1269 ullo
871 1231 1115 1268 incommodo
1136 1229 1192 1281 (z
1207 1228 1222 1279 )
1239 1231 1387 1279 longior
1404 1230 1526 1273 reddi,
1564 1230 1656 1268 dum

66 1295 147 1343 gyri
166 1306 185 1331 a
205 1293 239 1330 se
264 1294 423 1330 invicem
444 1291 619 1330 recedunt
633 1320 644 1334 ,
684 1292 721 1328 δε
752 1291 877 1328 arteria
902 1297 1019 1327 totam
1042 1289 1315 1338 longitudinem
1346 1289 1443 1327 suam
1469 1288 1624 1338 explicat
1641 1317 1653 1330 ‚

67 1364 147 1402 quae
173 1364 272 1390 nunc
302 1352 509 1400 exporrmsta
539 1350 740 1388 distantiam
765 1350 1009 1387 terminorum
1040 1351 1196 1386 metitur.
1241 1347 1299 1386 Est
1331 1350 1429 1386 euim
1459 1360 1497 1385 ea
1528 1347 1659 1386 harum

63 1411 269 1450 'flexionum
293 1410 458 1448 constans
482 1409 645 1452 indoles,
679 1416 721 1447 ut
744 1410 869 1446 arteria
894 1410 986 1446 circa
1004 1407 1137 1445 lineam
1159 1408 1433 1456 imaginabilem
1461 1407 1625 1445 decurrat
1643 1435 1655 1450 ,

67 1470 171 1520 supra
205 1482 313 1520 quam
340 1470 475 1507 alterne
503 1468 682 1510 elevatur,
716 1468 880 1518 infraque
895 1467 1061 1504 eamdem
1079 1466 1228 1504 viciffim
1249 1467 1473 1516 deprimitur.
1510 1466 1657 1503 Pletho-

69 1541 118 1572 ra,
135 1530 171 1566 &
185 1530 328 1577 injectio
343 1530 545 1566 anatomica
559 1527 621 1564 has
630 1526 808 1564 flexiones
823 1533 965 1574 augent.
987 1525 1132 1563 Arteriae
1147 1526 1295 1567 cerebri,
1312 1526 1401 1563 dum
1414 1527 1536 1563 inanes
1553 1525 1657 1567 sunt,
1679 1551 1681 1555 ι

69 1601 164 1638 pene
183 1588 283 1626 rediae
308 1588 476 1626 videntur
484 1599 497 1633 ;
526 1586 663 1624 eaedem
677 1585 820 1635 repletae
836 1583 1003 1622 flexuosae
1023 1583 1123 1622 fiunt.
1169 1584 1264 1630 Quae
1285 1597 1373 1622 vero
1393 1586 1528 1622 arteriae
1548 1586 1658 1622 etiam

69 1649 193 1685 inanes
212 1646 378 1684 flexuosae
400 1645 481 1683 sunt
495 1673 505 1687 ‚
542 1645 678 1682 eaedem
698 1645 841 1693 repletae
862 1644 906 1681 ad
928 1643 1082 1692 angulos
1095 1646 1257 1680 minores
1270 1644 1504 1681 incurvantur
1519 1671 1528 1686 ,
1562 1642 1587 1679 fi
1605 1645 1659 1679 in-

71 1708 177 1743 terim
207 1718 253 1745 ea„
268 1718 347 1755 pars
381 1705 545 1753 corporis
567 1703 752 1746 animalis,
793 1704 852 1741 cui
879 1703 1124 1744 incumbunt,
1161 1702 1435 1751 longitudinem
1458 1701 1557 1740 suam
1581 1713 1661 1739 non

73 1767 272 1803 mutaverit.
316 1764 392 1802 Alia
416 1763 619 1801 flexionum
643 1763 742 1801 causa
764 1762 839 1804 est,
875 1761 1022 1812 quando
1042 1763 1168 1800 arteria
1191 1761 1225 1799 se
1255 1760 1301 1799 ad
1325 1760 1454 1800 offium
1474 1761 1662 1799 intervalla

73 1823 350 1866 accommodat,
387 1830 429 1861 ut
454 1824 492 1859 in
520 1821 695 1860 maxillari
721 1824 862 1859 interna
889 1822 951 1870 (α
972 1819 997 1871 >.

133 1883 242 1921 Aliud
266 1895 380 1932 genus
404 1882 606 1920 flexionum
628 1882 700 1925 est,
751 1880 898 1931 quando
926 1882 1051 1929 magni
1085 1881 1293 1918 arteriarum
1318 1882 1437 1919 trunci
1461 1880 1580 1919 subito
1606 1881 1662 1918 bis

74 1950 174 1980 terve
199 1944 236 1980 in
258 1942 386 1992 seipsos
411 1943 551 1990 magnis
576 1941 787 1979 anfraffibus
808 1939 1026 1989 replicantur
1045 1969 1054 1983 ‚
1086 1948 1127 1978 ut
1151 1940 1277 1977 eadem
1290 1941 1416 1977 arteria
1431 1968 1440 1982 ,
1471 1952 1556 1978 cum
1573 1939 1663 1989 seip-

76 2001 130 2043 sa,
168 2001 260 2049 duos
271 2002 383 2038 tresve
397 2001 551 2049 angulos
574 1999 790 2038 acutissimos
808 2001 1018 2048 intercipiat.
1059 1998 1102 2036 In
1121 2000 1238 2048 parvis
1256 1999 1430 2036 arteriolis
1458 2001 1520 2035 vix
1542 2011 1666 2036 exem-

75 2059 136 2109 pla
154 2058 256 2102 sunt,
292 2059 352 2097 sed
374 2061 412 2097 in
441 2061 581 2107 magnis
604 2060 728 2097 arteria
748 2059 877 2096 carotis
903 2057 993 2109 (h)
1027 2058 1090 2096 sub
1116 2059 1238 2095 cranio
1265 2057 1444 2107 insignem
1467 2058 1666 2095 anfrastum

1068 2116 1100 2154 L
1166 2127 1184 2160 3
1590 2114 1666 2153 effi-

116 2172 187 2211 (u)
209 2171 311 2212 Fascic.
337 2173 371 2205 H.
399 2176 469 2206 Ταῦ.
497 2181 554 2205 art.
583 2175 636 2205 cael.
662 2173 704 2206 II.

118 2216 192 2251 (x)
216 2214 471 2254 Pasc.111.T.1.
501 2216 533 2246 Z.

120 2254 184 2292 (y)
210 2255 283 2286 Fasc.
306 2257 350 2287 ll.
376 2258 448 2287 Tab.
472 2259 578 2287 Coeliac.
595 2255 615 2286 1.

121 2295 304 2335 (y*)Fc·.1fi
331 2296 381 2328 lll.
408 2299 479 2327 Tab.
504 2304 560 2328 ar.t
583 2297 696 2327 hmnch.

121 2337 191 2374 (z)
215 2337 297 2368 Conf.
321 2336 366 2368 Cl.
387 2339 438 2367 viri
460 2338 484 2374 J.
506 2338 648 2368 chhariae
668 2339 744 2367 Ρετ
724 2336 930 2368 *sennobfi
943 2335 1158 2376 angiologicas'
1150 2346 1177 2368 ιη
1197 2336 1264 2372 dis.
1261 2342 1303 2369 ta
1309 2337 1345 2368 tic
1346 2347 1387 2368 re
1400 2337 1429 2367 ir.
1432 2345 1503 2375 mse
1508 2349 1530 2369 1
1539 2337 1580 2367 1

80 2378 111 2407 in
125 2377 221 2407 Tomo
238 2378 284 2407 VI.
297 2378 474 2408 collectionis
494 2380 592 2408 nostrae
608 2378 701 2409 recusa
716 2380 786 2416 est
831 2389 838 2395 ’
849 2388 882 2399 ”’

123 2418 188 2455 (ιι)
211 2417 314 2457 Fafiic.
343 2419 631 2449 11.T.1r.tmax·.ll

123 2459 485 2498 (h)Cow1›ssRapud
509 2460 629 2492 Dalm<
647 2470 663 2491 Ξ
690 2460 713 2489 T
738 2460 798 2491 ἶ
835 2472 863 2492 n.
894 2469 964 2498 ,κς-.-
