2003 2748
286 168 344 216 44‘
550 163 740 203 LIRI.
787 161 1600 204 CORRHUMELEMENTA;

289 274 409 311 neque
429 260 502 297 fere
531 259 595 296 nisi
619 259 662 296 ad
685 266 845 296 mortem
872 259 1075 296 evitandam
1096 259 1346 308 praebebantur
1368 288 1376 303 ,
1417 260 1461 297 ad
1489 260 1608 297 sceleti
1634 260 1877 298 macilentum-2

289 321 450 360 redafius
477 319 525 356 est
555 319 651 367 (g).
703 317 793 355 Non
830 318 914 355 inde
947 319 1127 356 continuo
1154 318 1341 357 deduxero
1367 318 1510 368 adipem
1535 319 1736 357 resorbtum
1763 320 1880 356 nutri-

289 394 328 419 re
348 409 356 422 ‚
392 380 426 416 &
449 389 546 415 nunc
575 377 723 430 quidem
746 377 948 420 suffecerit,
985 378 1163 420 omnino,
1204 390 1475 428 quemcumque
1507 379 1551 415 ad
1574 378 1707 421 finem,
1743 380 1780 414 in
1801 378 1879 414 san-

290 440 440 488 guinem
459 444 553 474 certe
575 436 731 479 resumi,
764 435 843 481 Qui
857 443 965 484 negat
980 447 1063 476 eum
1086 436 1228 484 adipem
1252 436 1368 480 alere,
1405 439 1458 474 vir
1475 438 1512 474 in
1539 439 1794 486 experimentis
1819 435 1879 473 so-

290 496 512 539 lertissimus,
550 496 704 533 diminui
731 501 878 538 tamen,
911 495 1117 545 iterumque
1146 495 1341 534 increscere
1364 496 1486 534 auftor
1513 497 1560 533 est
1590 496 1646 542 (h
1663 497 1694 544 ).

349 555 532 594 Exhausto
554 555 669 603 adipi,
693 556 856 604 inprimis
872 566 890 591 a
907 555 1044 591 morbis
1058 583 1066 597 ‚
1096 554 1169 592 fere
1186 554 1306 592 similis
1325 555 1479 603 gelatina
1496 554 1664 597 succedit,
1688 554 1800 604 qualis
1814 567 1881 591 an-

292 622 329 654 te
350 615 462 664 adipis
487 616 559 651 nati
589 622 753 663 tempora
776 615 813 650 in
844 614 887 651 iis
916 613 1045 651 loculis
1072 612 1150 651 fuit.
1190 613 1293 651 Nihil
1322 615 1360 651 in
1387 614 1596 664 hydropicis
1623 614 1801 662 vulgatius
1827 613 1879 650 est
1914 633 1918 635 -

290 675 367 714 visu
393 681 453 712 aut
478 673 624 711 facilius.
659 673 702 710 lu
725 685 793 710 ove
820 674 989 709 emaciata
1007 672 1162 720 gelatina
1182 673 1268 710 loco
1288 673 1403 721 adipis
1433 675 1449 720 (
1468 674 1526 719 i).
1567 673 1609 711 In
1630 671 1736 721 ipfius
1760 673 1883 710 leonis¹

291 734 428 772 morbo>
456 732 568 770 eneffl
587 732 697 769 corde
719 731 926 769 Academici
943 730 1091 769 Parifini
1113 743 1183 780 pro
1199 731 1304 781 adipe
1328 732 1520 780 gelatinam
1536 739 1754 780 repererunt.
1789 730 1884 769 Haeo

293 793 449 842 gelatina
476 790 561 829 fecit
580 819 590 834 ,
631 797 672 829 ut
702 789 868 828 cellulosa
899 789 967 827 tela
993 789 1178 839 pellucido
1209 790 1352 840 liquore
1389 790 1494 840 plena
1530 790 1583 828 Cl.
1614 792 1694 828 viro
1726 789 1887 827 Antonio-⁴

293 850 526 890 Dalmat(
556 851 593 887 in
622 847 842 900 lymphatica
873 849 950 886 vasa
978 856 1114 887 mutata
1146 848 1216 887 visa
1240 849 1280 887 fit
1310 849 1414 898 (k).
1468 849 1578 888 Causa
1610 850 1694 886 alibi
1727 848 1883 887 dicetur.-

292 909 451 948 Videtur
473 917 594 947 autem
624 909 659 946 ἃ
685 910 722 945 in
746 908 924 958 languore
945 907 1120 946 viscerum
1149 906 1238 952 effe,
1272 920 1351 958 quae
1377 908 1536 946 coffloni
1558 909 1724 946 ciborum
1742 919 1891 960 praepyor

293 977 452 1013 nuntur‚
474 968 622 1019 quando
641 979 685 1005 ex
708 979 753 1006 eo
769 969 858 1006 vitio
875 979 965 1017 aqua
985 968 1021 1005 &
1038 967 1193 1016 gelatina
1211 967 1422 1016 vegetabssis
1438 966 1534 1006 suam
1553 975 1717 1005 naturam
1731 967 1860 1004 retinet
1871 977 1887 1002 :2

297 1029 334 1066 ἃ
358 1030 395 1066 in
421 1029 564 1077 vaporis
587 1027 633 1064 ad
655 1039 760 1065 venas
786 1027 939 1074 majores
956 1027 1158 1075 intercepto
1188 1026 1307 1064 reditu
1322 1054 1332 1069 ,
1377 1028 1441 1076 qui
1464 1027 1502 1064 in
1522 1025 1590 1064 suis
1613 1025 1742 1065 loculis
1765 1033 1890 1064 reten-

294 1095 353 1126 tus
377 1087 537 1135 stagnat,
573 1084 698 1134 easque
717 1085 895 1123 distendit.

357 1146 522 1195 Superest
554 1155 679 1187 nunc,
728 1153 769 1182 ut
797 1144 910 1193 adipis
939 1143 1108 1183 utilitates
1143 1143 1399 1193 expendamus.
1445 1142 1513 1183 Eas
1539 1156 1617 1182 non
1638 1145 1780 1182 minimi
1804 1154 1893 1181 mos

295 1207 412 1243 menti
437 1204 504 1243 effe
526 1205 706 1242 continuo
735 1203 955 1241 autumabile
977 1203 1120 1241 videtur
1143 1203 1402 1246 consideranti,
1442 1216 1552 1253 quam
1581 1204 1650 1241 late
1679 1215 1744 1252 per
1768 1203 1891 1240 diver-2

296 1263 416 1301 fiffimi
449 1264 592 1312 generis
610 1262 799 1304 animalia,
831 1262 939 1311 adeps
966 1262 1176 1300 dominetur
1193 1291 1203 1305 ,
1239 1270 1278 1300 ut
1306 1264 1345 1299 in
1374 1263 1690 1312 quadrupedibus,
1728 1262 1853 1299 avibus
1873 1288 1892 1304 ,x

298 1323 474 1373 piscibus,
509 1321 645 1359 insediis
662 1321 819 1370 denique
833 1321 1054 1370 pinguitudo
1072 1322 1267 1370 reperiatur
1281 1349 1290 1364 ,
1322 1333 1369 1358 ne
1391 1319 1410 1368 (
1427 1320 1442 1359 l
1452 1323 1471 1369 )’
1486 1321 1686 1370 ephemeris
1714 1320 1862 1370 quidem
1874 1347 1890 1362 2.

297 1389 361 1420 aut
386 1382 501 1420 erucis
525 1382 684 1430 exceptis
711 1380 782 1427 (m
798 1380 836 1426 )‚
872 1393 990 1430 neque
1013 1381 1134 1417 minus
1159 1380 1228 1417 late
1250 1379 1430 1417 dominari
1457 1381 1640 1423 videatur,
1665 1392 1774 1429 quam
1793 1376 1888 1417 muf-

299 1440 466 1479 culosum
494 1440 652 1489 systema.
700 1437 744 1477 Et
774 1441 942 1488 princeps
967 1441 1093 1488 utique
1121 1439 1363 1477 commodum
1382 1468 1392 1482 ,
1436 1439 1540 1488 quod
1568 1440 1716 1488 corpori
1743 1437 1893 1476 animali}

299 1500 464 1550 praestat,
500 1499 683 1536 mobilitas
705 1498 778 1542 est,
811 1508 919 1547 quarn
948 1500 1041 1535 inter
1065 1499 1199 1535 vicinas
1224 1505 1340 1547 partes
1375 1499 1450 1545 ejus
1487 1500 1650 1547 corporis
1677 1497 1893 1539 conservat,

301 1571 388 1596 cum
411 1558 527 1595 fridiio
554 1559 646 1595 inter
669 1568 822 1606 quaeque
850 1557 925 1595 duo
952 1557 1063 1595 solida
1089 1567 1243 1605 corpora
1268 1569 1345 1595 non
1372 1557 1437 1595 alia
1463 1559 1609 1594 ratione
1619 1558 1806 1606 potentius
1820 1554 1892 1593 tol-

299 1618 413 1661 iatur,
441 1617 511 1655 five
534 1617 637 1655 funes
661 1616 795 1653 fuerint
811 1643 820 1657 ,
847 1615 917 1653 five
935 1618 1031 1653 coria
1046 1644 1056 1658 ,
1085 1615 1156 1652 five
1173 1615 1292 1662 ligna,
1319 1615 1390 1652 five
1407 1614 1553 1654 metalla
1574 1616 1751 1664 denique,
1782 1627 1896 1664 quam

299 1676 476 1714 interfuso
503 1675 610 1718 oleo,
645 1686 721 1724 quo
742 1674 911 1711 videntur
928 1674 1127 1723 asperitates
1149 1673 1217 1710 illae
1233 1676 1411 1723 exaequari
1428 1702 1437 1716 ‚
1484 1686 1563 1723 quae
1580 1676 1617 1710 in
1639 1673 1893 1723 superficiebus

302 1736 377 1774 fere
398 1736 566 1773 omnium
595 1745 794 1782 corporum
824 1733 960 1771 exstant
977 1761 986 1776 ,
1025 1740 1066 1770 ut
1095 1732 1239 1781 repletis
1268 1732 1475 1776 valleculis,
1513 1744 1592 1781 quae
1617 1744 1656 1769 ea
1683 1731 1781 1781 quasi
1807 1733 1893 1780 juga

304 1795 544 1841 interjacent,
571 1800 647 1830 tota
674 1791 874 1841 superficies
907 1794 944 1829 in
963 1805 1073 1830 unam
1093 1791 1278 1840 planitiem
1298 1798 1467 1830 mutetur.
1517 1790 1688 1830 Praeterea
1706 1791 1802 1828 fibrae
1819 1792 1896 1828 ani⁴=

304 1853 416 1892 males
433 1852 535 1890 facile
557 1851 757 1900 rigescunt,
792 1851 825 1887 &
848 1852 884 1888 in
906 1851 1054 1894 liccam,
1092 1850 1335 1900 fragilemque
1353 1858 1516 1888 naturam
1531 1852 1674 1888 abeunt,
1709 1850 1821 1887 Nunc
1834 1862 1894 1887 ve-

305 1924 349 1951 ro
383 1910 640 1950 circumfusum
665 1911 786 1947 oleum
811 1910 845 1946 84.
861 1909 1031 1948 fibrarum
1054 1909 1096 1946 ad
1116 1911 1370 1957 contingentes
1387 1909 1491 1948 fibras
1516 1909 1719 1946 frieh'onem
1737 1909 1892 1952 minuit„

299 1973 344 2017 ‚Bc
377 1970 533 2020 singulas
569 1972 675 2008 etiam
707 1969 812 2007 fibras
841 1969 1007 2020 tepidum
1032 1968 1280 2018 blandumque
1305 1969 1470 2019 obungitv
1520 1966 1612 2007 Non
1635 1970 1760 2018 ignota
1785 1966 1866 2006 sunt
1882 1997 1892 2011 ‚

1816 2038 1895 2077 quae

408 2194 422 2231 3
444 2194 530 2225 ΚΑΛ
546 2203 566 2224 u
580 2204 607 2224 w
629 2196 695 2231 imp.
710 2192 767 2230 fac.
793 2194 873 2231 Hipp.
891 2203 920 2224 n.
937 2195 1005 2230 456.

388 2237 419 2268 τ)
444 2236 474 2264 Α.
492 2234 517 2270 J.
546 2233 716 2265 Romu
735 2236 771 2264 de
795 2235 1022 2266 Rosnwuov
1048 2234 1107 2275 hist.
1133 2244 1233 2266 ranar.
1257 2244 1285 2273 p.
1315 2243 1364 2266 aar

377 2275 411 2310 ι)
434 2275 503 2312 Eph.
530 2276 600 2305 Nat.
627 2278 692 2304 Cur.
723 2277 791 2306 Dec.
819 2283 844 2305 1.
864 2286 932 2306 ann.
958 2282 987 2311 8.
1009 2274 1064 2315 obs
1090 2286 1136 2315 30.

381 2316 396 2343 k
415 2317 424 2347 )
446 2314 542 2353 Corfil.
557 2313 593 2345 T.
616 2315 656 2345 111
680 2325 707 2353 p.
730 2323 874 2352 121.124.

353 2356 415 2389 (l)
439 2355 845 2386 Swaumnnnaubihl
874 2363 972 2387 natur.
991 2368 1018 2396 p.
1038 2359 1104 2396 576.

322 2434 329 2443 ,
354 2396 410 2441 (m)
434 2396 465 2426 M
481 2406 499 2425 A
511 2407 529 2442 u
541 2407 555 2425 p
569 2408 577 2425 1
592 2407 607 2425 c
620 2406 640 2426 a
654 2407 672 2433 ι,
685 2397 717 2426 de
733 2399 863 2437 bombyce
883 2409 912 2438 p.
935 2403 980 2432 ιθ.
996 2410 1037 2440 ¹1·
1058 2400 1090 2432 C.
1116 2411 1136 2436 ι)
1148 2411 1164 2433 r
1183 2400 1208 2434 G
1219 2411 1234 2433 n
1247 2408 1289 2432 tx
1304 2422 1314 2439 ,
1334 2398 1378 2433 vir
1398 2397 1518 2432 nobiliss.
1543 2399 1576 2434 in
1594 2395 1901 2440 memoir.pourfirvir

312 2448 331 2468 ω
347 2436 427 2476 ι’ὸψ,
451 2437 497 2465 des
519 2434 627 2477 mfi’Hes
644 2444 672 2477 p.
699 2447 742 2468 ιι,
