2003 2748
420 122 732 163 SECT.IV
786 119 1033 163 MOTUS
1082 115 1360 162 Coabis.
1608 136 1689 173 443

88 220 171 260 'non
194 224 240 260 ita
264 223 302 258 in
321 220 549 258 animalibus.
585 219 627 258 In
655 220 821 268 stirpibus
855 220 952 256 enim
985 217 1129 255 nullum
1159 219 1369 256 arteriarum
1401 230 1420 255 a
1447 220 1547 256 venis
1574 218 1694 258 discri-

91 294 178 320 men
213 282 281 323 est,
326 293 444 329 neque
476 279 552 317 vasa
585 286 646 317 aut
683 281 829 322 conica,
873 285 934 316 aut
963 277 1067 314 aliam
1094 285 1232 325 partem
1266 278 1331 315 alia
1362 277 1566 316 densiorem
1596 280 1695 318 nac‘ta

90 342 192 384 sunt,
220 352 340 390 neque
359 341 422 377 alia
436 338 534 377 causa
547 338 783 376 direffionem
799 337 990 375 succorum
1007 336 1242 380 determinat,
1274 345 1402 386 praeter
1417 338 1563 388 pondus
1577 340 1614 376 &
1637 352 1694 377 ca-

92 401 207 438 lore-m
241 401 340 437 aeris.
377 399 428 439 Ab
446 399 512 436 isto
526 398 676 447 quidem
702 398 858 435 interdiu
875 396 1042 434 rarefacto
1059 395 1250 434 herbarum
1266 397 1439 434 humores
1457 400 1493 435 in
1511 406 1697 448 tepentem

90 470 217 498 auram
239 468 458 504 evocantur3
490 458 600 495 notlu
620 469 708 495 vero
724 470 744 494 a
759 458 895 505 frigore
915 455 1048 493 densati
1068 484 1077 498 ,
1110 456 1154 492 ab
1188 456 1264 505 ipso
1300 457 1465 505 pondere
1479 487 1488 501 ,
1509 459 1552 495 ad
1565 466 1696 497 terram

91 519 325 557 reducuntur.

152 578 249 617 Cum
281 583 449 626 practerea
473 576 555 626 post
583 576 702 613 cordis
728 577 908 625 quietem,
945 574 1117 612 humores
1148 575 1272 612 vitales
1303 576 1511 614 animalium
1545 578 1697 627 perinde

92 641 131 677 in
155 644 303 676 truncos
328 638 535 679 arteriarum
555 637 609 683 (a
586 637 640 681 x)
671 637 707 673 ὃς
731 648 904 673 venarum
922 634 1147 672 deducantur
1162 636 1217 682 <y
1232 635 1274 683 ),
1321 636 1508 675 manifesto
1527 638 1693 687 adparet,

90 696 303 735 arteriosum
324 697 359 733 δε
381 695 556 733 venosum
586 694 797 744 sanguinem
823 708 842 733 a
864 695 1022 733 suffitione
1045 695 1164 744 aliqua
1194 692 1417 744 capillarium
1446 698 1697 736 arteriolarum

92 757 131 795 &
151 756 364 796 venularurn
388 756 539 792 minime
566 756 654 803 regi.

528 859 561 901 ἓ.
597 853 794 894 XXXIX.
847 854 893 892 Et
904 868 1024 893 eorum
1044 855 1201 905 oscillans
1216 858 1282 894 vis.

156 966 411 1019 Experimenta
433 995 442 1011 ‚
495 978 574 1016 quae
599 963 861 1004 oscillationem
884 964 1065 1015 sanguinis
1089 966 1359 1009 demonstrant,
1393 969 1501 1006 unice
1523 968 1701 1018 languen-

93 1019 170 1066 tem
192 1030 277 1077 (z)
296 1025 459 1065 animalis
475 1029 586 1064 vitam
613 1028 804 1068 evincunt,
840 1027 879 1062 in
906 1038 976 1075 qua
999 1039 1063 1064 cor
1085 1026 1220 1064 alterne
1238 1025 1445 1065 refistentias
1467 1027 1529 1065 fibi
1555 1029 1701 1079 opposi-

94 1095 146 1126 tas
159 1089 289 1130 vincit,
327 1085 508 1125 &alterne
525 1086 568 1124 ab
590 1087 631 1123 iis
643 1085 844 1123 refistentiis
859 1085 1051 1135 superatur.
1082 1084 1192 1124 Nulla
1216 1087 1254 1123 in
1280 1085 1363 1123 sano
1390 1088 1426 1124 δε
1450 1089 1601 1126 robusto
1625 1090 1702 1126 ani-

94 1148 188 1184 male
209 1146 382 1184 oscillatio
394 1147 611 1196 percipitur,
646 1153 747 1183 certo
763 1145 1018 1194 superventura
1032 1174 1040 1188 ,
1078 1158 1187 1195 quam
1209 1147 1368 1195 primum
1382 1147 1501 1184 cordis
1524 1150 1616 1186 vires
1638 1149 1702 1185 de-

94 1204 238 1244 bilitatae
260 1205 364 1249 sunt,
399 1207 520 1255 neque
540 1216 702 1254 unquam
722 1204 853 1242 animal
874 1206 965 1242 vires
992 1205 1115 1242 vitales
1139 1207 1296 1253 integras
1309 1215 1514 1255 recuperat,
1551 1207 1615 1244 nisi
1627 1208 1700 1256 pri-

95 1277 137 1304 us
162 1266 303 1315 sanguis
337 1264 379 1304 ab
396 1264 617 1303 oscillatione
645 1263 896 1308 convaluerit,
944 1272 1052 1314 atque
1083 1266 1235 1303 unicum
1265 1264 1471 1313 legitimum
1501 1266 1605 1305 suum
1633 1269 1701 1304 iter

96 1324 315 1375 capessiverit
338 1325 359 1374 (
379 1337 400 1362 a
419 1325 444 1371 >.
478 1324 537 1362 Ad
562 1324 743 1373 sanguinis
774 1325 967 1362 circuitum
995 1323 1229 1362 efficiendum
1261 1323 1439 1372 ejusmodi
1464 1328 1516 1364 vis
1548 1328 1702 1376 requiri-

95 1391 174 1428 tur,
210 1397 288 1435 quae
309 1383 503 1422 secundam
522 1385 669 1421 unicam
698 1385 733 1420 &
754 1391 965 1432 perpetuam
993 1383 1228 1421 directionem
1254 1383 1466 1432 sanguinem
1487 1398 1505 1423 a
1530 1386 1642 1424 corde
1663 1388 1702 1424 in

96 1447 238 1490 arterias
259 1443 425 1481 minimas
443 1471 454 1490 ‚
483 1443 568 1481 inde
591 1445 629 1480 in
650 1443 816 1485 venulas,
841 1443 884 1480 ab
907 1443 977 1480 istis
994 1445 1031 1480 in
1048 1451 1197 1481 truncos
1214 1443 1386 1486 veuosos,
1424 1445 1460 1482 &
1482 1447 1520 1482 in
1536 1445 1702 1487 dextram

96 1504 218 1542 cordis
231 1504 448 1546 auriculam,
483 1510 618 1552 urgeat.
655 1502 898 1551 Quaecunque
911 1505 962 1539 vis
988 1502 1186 1541 secundum
1198 1504 1372 1540 incertam
1395 1505 1430 1540 ἃ
1451 1504 1627 1542 alternam
1648 1504 1702 1553 diff

94 1564 295 1601 ‘restionem
319 1565 410 1612 agit,
447 1575 486 1600 ea
513 1562 663 1612 perinde
685 1570 795 1599 nocet
826 1563 1012 1605 circuitui,
1048 1564 1102 1600 uti
1127 1562 1282 1612 prodest.

156 1622 246 1660 Vim
258 1625 498 1660 minimorum
510 1622 675 1660 vasorum
689 1622 887 1659 vibratilem
900 1623 1067 1671 protinus
1080 1622 1229 1672 quidem
1244 1621 1438 1660 oculorum
1451 1623 1704 1663 testimonium

97 1682 247 1725 refutat,
271 1684 402 1732 quibus
417 1681 490 1721 vasa
509 1684 547 1720 in
558 1682 697 1731 frigidis
712 1682 925 1719 animalibus
943 1681 1147 1720 constanter
1162 1683 1314 1719 immota
1332 1683 1504 1732 adparent
1520 1686 1536 1732 (
1547 1683 1603 1731 lv).
1627 1685 1703 1722 Ne·

97 1754 169 1791 que
193 1740 327 1791 posset,
363 1742 420 1778 vel
442 1743 611 1784 minima,
646 1741 845 1779 contra&io
868 1741 996 1779 oculos
1018 1741 1163 1790 fugere,
1198 1743 1251 1779 uti
1274 1740 1424 1790 quidem
1453 1742 1505 1780 Cl.
1541 1744 1704 1781 adversa-

96 1804 171 1840 rius
195 1802 321 1849 fugere
345 1801 479 1851 docuit.
515 1800 558 1838 In
586 1803 711 1838 arteria
747 1803 844 1837 enim
873 1802 1023 1837 minima
1049 1813 1127 1837 non
1156 1800 1275 1838 solum
1302 1801 1468 1838 diametri
1497 1803 1534 1838 in
1561 1816 1706 1840 umver-

98 1859 176 1898 sum
192 1862 432 1902 mutationes,
469 1859 528 1897 sed
539 1860 652 1908 longe
664 1859 868 1897 subtiliores
890 1861 1111 1897 mutationes
1129 1858 1289 1897 crassitiei
1314 1861 1609 1898 membranarum
1623 1874 1707 1900 auc-

96 1925 143 1956 ·tae
166 1926 227 1956 aut
249 1918 455 1959 diminutae,
490 1918 680 1954 luminisve
706 1917 864 1954 arteriofi
893 1925 954 1953 aut
983 1918 1095 1959 audii,
1130 1926 1191 1954 aut
1217 1917 1407 1960 diminuti,
1444 1919 1572 1957 oculus
1591 1933 1706 1960 arma-

98 1985 157 2017 tus
169 1977 272 2014 facile
283 1977 445 2026 percipit.
469 1974 639 2024 Denique
651 1974 804 2013 fissuram
819 1976 994 2013 arteriolae
1008 1988 1151 2013 venaeve
1163 1977 1324 2014 minimae
1339 2005 1349 2020 ,
1371 1978 1597 2027 capillarem,
1623 1979 1638 2030 (
1658 1980 1705 2026 c)

100 2037 215 2085 longe
232 2036 477 2084 angustiorem
492 2063 501 2077 ,
525 2047 634 2084 quam
652 2034 795 2084 globuli
809 2035 908 2072 rubri
924 2035 1096 2073 diameter
1113 2036 1181 2077 est,
1204 2048 1281 2073 non
1297 2040 1448 2081 mutari,
1484 2051 1603 2088 neque
1632 2052 1650 2076 a
1669 2042 1704 2078 vi

101 2095 300 2135 contratlili
338 2095 518 2132 labiorum
548 2093 696 2132 suorum
726 2093 886 2137 dilatari,
933 2095 1121 2132 manifesto
1160 2097 1407 2144 experimenta
1439 2110 1519 2137 mea
1554 2098 1700 2137 docent.

1103 2153 1208 2192 Kkk
1242 2166 1264 2194 2
1615 2158 1707 2197 Non

141 2212 487 2249 (x)Exp.532.205.
514 2210 566 2240 ἃς.
1696 2208 1706 2213 ”

142 2253 418 2290 (y)k,xp.126
445 2252 512 2281 218
539 2254 607 2281 226.
633 2256 700 2288 238.
727 2259 794 2288 230.
820 2259 888 2290 ²34-
913 2254 984 2289 2.36

142 2293 158 2330 <
178 2304 196 2323 z
217 2295 229 2331 )
253 2293 323 2322 lbid.
354 2294 403 2322 Fre
392 2293 475 2321 mier
499 2293 643 2323 Illemoire
667 2302 695 2330 p.
723 2297 768 2322 60.

143 2334 158 2370 (
180 2345 197 2362 ιι
218 2335 232 2369 )
253 2344 281 2371 p.
304 2333 352 2362 61.
378 2337 424 2363 62.

144 2375 159 2410 (
180 2376 197 2404 h
218 2376 230 2411 )
255 2375 359 2404 Second
391 2375 533 2404 Memeire
557 2383 584 2412 p.
612 2374 682 2412 ²3⁴6·

145 2416 196 2451 (c
218 2416 230 2451 )
252 2415 328 2452 Exp.
351 2420 415 2448 ¹80-
442 2424 511 2444 200.

256 2458 325 2496 va.
341 2453 400 2496 sur
414 2456 720 2497 lfspartiesirritables
744 2457 798 2491 &e.
822 2466 850 2489 n.
876 2465 943 2498 277
971 2463 1041 2498 273.
1064 2463 1131 2499 283.
1154 2458 1207 2490 &e
