2003 2748
292 122 342 160 14
550 112 671 152 LIB.
706 112 735 151 I.
791 112 975 153 CORP.
1022 113 1180 152 HUM.
1227 111 1620 154 ELEMENTA:

343 207 462 258 AEque
484 208 551 246 late
570 221 658 258 aqua
679 208 711 246 se
727 208 919 251 diffundit,
950 209 1097 259 quando
1119 222 1158 246 ea
1178 210 1216 246 in
1233 209 1390 247 anasarca
1414 210 1559 258 stagnat.
1606 209 1866 250 Universorum

286 268 532 306 musculorum
549 267 731 305 intervalla
756 281 845 317 aqua
869 269 972 317 plena
993 268 1022 318 J.
1051 268 1251 306 Guillelmm
1271 269 1310 306 de
1324 268 1358 306 la
1375 268 1419 306 M
1432 281 1454 306 ο
1468 281 1492 305 Τ
1505 280 1528 305 Τ
1542 281 1561 305 Ε
1575 269 1654 316 (t).
1679 272 1788 319 Aquae
1801 271 1866 320 hy-

285 328 442 376 dropicae
457 329 493 364 in
516 329 639 364 omnia
656 327 822 365 cellulosa
841 328 986 377 spatiola
1017 328 1169 371 diffusae.
1199 335 1239 366 ut
1259 329 1366 365 etiam
1387 328 1576 365 cavernosa
1588 331 1689 378 penis
1713 341 1866 378 corpora

284 387 407 424 iehore
435 395 645 433 tingerent,
675 387 711 423 &
736 386 798 424 sub
828 387 1074 424 musculorum
1101 389 1331 430 membrana,
1359 389 1468 437 inque
1491 388 1657 426 musculis
1685 390 1720 425 &
1738 401 1867 426 eorum

283 445 474 483 intervallis
490 446 643 493 gelatina
660 448 874 495 reperiretur
892 446 945 484 Cl.
963 446 989 484 B
1004 459 1021 483 ε
1033 458 1094 483 oo
1110 459 1120 483 1
1139 447 1227 494 (u).
1254 445 1482 485 Absceffuum
1502 448 1627 484 eadem
1650 455 1774 486 natura
1795 449 1863 498 est,

282 514 322 543 ut
347 517 412 553 pus
438 516 483 542 ex
508 504 636 542 fomite
655 504 717 543 suo
736 534 744 547 ‚
774 518 884 555 quem
910 507 946 542 in
976 505 1168 555 suppurato
1190 505 1321 544 viscere
1339 507 1479 544 uastum
1509 507 1582 549 est,
1611 507 1677 544 late
1702 520 1765 557 per
1787 509 1868 545 uni-

282 564 423 601 versum
445 576 578 614 corpus
605 564 638 602 se
662 564 849 602 diffundat.
886 564 955 602 Pus
972 566 1009 601 in
1031 565 1194 614 pectore,
1228 566 1263 602 ἃ
1286 565 1572 609 communicatio
1596 569 1670 614 ejus
1698 565 1867 604 absceffus

282 625 374 660 inter
389 623 570 661 musculos
591 623 634 660 ad
654 624 778 661 clunes
795 624 882 673 ipsas
903 624 1107 673 pedemque
1138 625 1240 661 Corn.
1268 624 1312 661 de
1338 624 1373 661 V
1386 636 1405 661 E
1421 637 1441 661 L
1455 638 1469 661 s
1483 638 1500 662 E
1515 626 1534 672 (ζ
1543 638 1569 662 x
1582 625 1607 671 ).
1644 625 1756 664 Ulcus
1773 628 1867 663 renis

282 684 537 719 continuatum
567 683 611 720 ad
638 681 754 720 Femur
778 683 889 732 usque
904 711 913 725 ,
955 691 994 720 ut
1017 695 1084 732 pus
1107 691 1228 720 totum
1251 683 1433 732 utriusque
1462 685 1617 721 membri
1637 684 1867 722 intervallum

283 741 436 790 repleret
457 743 537 789 (y).
576 742 606 779 A
632 742 796 791 parotide
817 742 1006 791 suppurata
1027 743 1062 779 ὃς
1083 743 1195 781 clausa
1220 754 1286 792 pus
1311 742 1355 779 ad
1375 743 1487 780 cubiti
1506 742 1642 781 flexum
1663 743 1863 786 descendit,

284 802 319 838 &
337 800 531 848 ligamenta
550 802 663 838 cubiti
683 804 864 851 corrupit,
895 809 935 838 ut
952 801 1126 851 ancylosis
1143 802 1348 851 sequeretur
1369 801 1448 840 Ger.
1465 814 1496 840 v.
1518 802 1540 840 S
1552 815 1614 840 wi
1631 815 1649 840 E
1662 815 1685 839 T
1700 815 1719 840 E
1731 815 1757 840 N
1777 803 1794 851 (
1804 804 1865 850 z).

281 859 324 897 In
346 859 501 908 gibboso
522 859 700 910 phthifico
718 869 815 899 retro
839 861 1001 910 pleuram
1025 861 1143 899 saccus
1164 861 1246 899 albo
1272 874 1359 911 pure
1376 861 1524 910 plenus,
1559 862 1595 899 &
1615 861 1727 900 fimile
1744 875 1811 911 pus
1829 865 1868 899 in

281 928 470 968 pancreate
484 948 492 961 ‚
526 919 767 964 mesenterio,.
787 921 912 969 hepate
929 949 937 963 ,
972 920 1084 957 axillis
1102 949 1111 963 ,
1143 921 1261 963 collo,
1285 922 1436 969 inguine
1450 949 1460 963 ‚
1494 921 1582 959 inira
1603 920 1730 958 duram
1754 922 1868 970 piam-

281 991 353 1027 que
379 986 551 1021 matrem,
583 980 618 1016 δι
648 980 687 1017 iu
713 975 887 1022 articulisss
929 990 969 1019 ut
996 981 1102 1018 etiam
1132 981 1275 1018 cubitus
1303 980 1476 1019 exciderit
1508 978 1665 1026 ζ[αεοὺιις
1699 979 1868 1018 Nicolaus

281 1036 341 1074 W
356 1050 375 1074 E
392 1051 403 1074 1
418 1051 432 1075 s
445 1051 459 1074 s
492 1038 508 1085 <
524 1050 544 1074 α
557 1039 583 1085 >.

342 1096 598 1139 (Jstendin1us,
625 1097 820 1147 quanilate
844 1095 1021 1135 cessuiofiae
1042 1098 1239 1137 cavernulae
1262 1098 1346 1135 inie
1371 1099 1699 1147 pateantinvicenr
1744 1098 1868 1145 (Quare

281 1158 445 1193 materies
466 1185 475 1199 ,
505 1169 583 1205 quae
600 1158 636 1194 in
652 1170 691 1194 ea
707 1157 812 1206 spatia
835 1157 941 1194 effusa
960 1157 1028 1199 est,
1054 1156 1077 1193 fi
1096 1168 1216 1196 motus
1237 1156 1435 1199 accesserit,
1460 1160 1593 1207 poterit
1611 1170 1657 1195 ex
1675 1160 1777 1195 omni
1788 1158 1868 1196 sede

283 1217 319 1253 in
339 1206 693 1265 oinnem’progredi.
748 1216 806 1253 De
828 1216 941 1253 fluido
969 1216 1072 1264 adipe
1100 1217 1477 1255 struthiocamelorum
1497 1219 1631 1254 mirum
1658 1217 1869 1266 exemplum

284 1275 352 1316 est‚
385 1287 493 1323 quem
510 1276 651 1318 arabes,
675 1275 842 1314 conculsa
872 1288 959 1318 ave,
987 1282 1125 1316 norunt
1146 1277 1317 1324 colligere
1334 1305 1343 1319 ,
1372 1286 1411 1316 ut
1436 1288 1480 1315 ex
1511 1279 1621 1314 unleo
1650 1277 1798 1315 vulnere
1823 1275 1868 1313 de

282 1341 364 1371 toto
384 1347 538 1383 corpore
556 1334 675 1372 effluat
705 1334 788 1383 (h).

342 1393 482 1430 Eodem
501 1394 614 1431 modo
635 1406 722 1443 pus,
751 1395 852 1444 quod
879 1395 1109 1433 ostendemus
1135 1395 1366 1445 liquefai'tum
1385 1394 1451 1433 effe
1470 1395 1614 1444 adipem
1627 1424 1637 1439 ‚
1675 1407 1739 1445 per
1757 1395 1869 1433 aliena

282 1452 364 1489 loca
389 1453 550 1502 expediri
569 1455 695 1502 potest.
740 1453 792 1491 Ita
813 1467 1024 1503 empyema,
1060 1455 1160 1504 quod
1185 1455 1368 1504 pleuritidi
1391 1454 1595 1493 successerat
1615 1483 1625 1497 ,
1669 1467 1733 1504 per
1766 1455 1868 1492 ulcus

284 1512 417 1549 brachii
435 1512 633 1558 judicatum
649 1513 781 1561 legitur
800 1511 814 1563 (
829 1515 884 1558 c).
920 1513 1077 1550 Feminae
1089 1542 1097 1556 ‚
1120 1527 1198 1563 quae
1214 1527 1280 1562 pus
1298 1513 1491 1563 exspuebat
1503 1543 1512 1556 ‚
1532 1514 1669 1551 setaceo
1682 1513 1843 1550 adhibito
1856 1541 1866 1556 ,

281 1570 520 1620 svmptornata
539 1572 672 1608 heffica
687 1572 899 1609 remiserunt
915 1585 921 1607 z
940 1572 1138 1623 eademque
1152 1573 1268 1611 ablato
1289 1574 1424 1610 setaceo
1438 1573 1700 1611 recruduerunt
1711 1572 1870 1619 AEgidins

283 1629 342 1667 W
356 1642 377 1666 A
388 1642 411 1666 Τ
425 1642 448 1666 Τ
461 1643 474 1667 s
491 1630 574 1678 (d).
609 1630 660 1669 Ut
675 1643 719 1668 eo
731 1630 867 1668 facilius
884 1638 1046 1668 veterum
1061 1632 1136 1668 illas
1152 1631 1348 1669 metastases
1362 1631 1482 1669 credas
1495 1660 1503 1674 ,
1520 1638 1611 1680 quas
1625 1643 1689 1681 pei·
1705 1631 1870 1669 cellulosa

283 1689 467 1727 intervalla
485 1691 646 1738 inprimis
664 1690 836 1739 progredi
851 1690 1007 1727 ostendit
1029 1689 1176 1727 Ger-ard.
1197 1704 1227 1727 v.
1249 1691 1270 1727 S
1285 1703 1321 1728 w
1335 1704 1347 1728 1
1360 1703 1380 1728 E
1394 1703 1418 1727 Τ
1434 1703 1452 1727 E
1468 1703 1491 1728 N
1517 1691 1559 1737 (e
1571 1692 1597 1736 ).

345 1748 602 1798 Frequentiora
619 1750 783 1799 exempla
801 1749 900 1791 sunt,
934 1750 969 1786 ἃ
981 1749 1078 1786 idem
1088 1750 1303 1792 ostendunt,
1325 1751 1361 1787 in
1377 1751 1508 1799 quibus
1523 1761 1623 1799 aquae
1637 1748 1866 1799 hydropicae,

283 1808 353 1846 late
373 1807 505 1845 diffusae
522 1837 530 1850 ,
561 1821 624 1857 per
642 1810 791 1847 unicum
804 1837 812 1850 ‚
845 1810 880 1845 &
902 1807 987 1857 saepe
1016 1810 1054 1845 in
1079 1818 1217 1847 remota
1235 1817 1333 1858 parte
1347 1838 1355 1851 ‚
1390 1809 1564 1846 inflictum
1579 1809 1708 1846 vulnus
1725 1809 1872 1846 effluxe-

285 1874 378 1904 runt.
409 1866 625 1916 Hydropico
638 1897 647 1911 ‚
676 1870 734 1906 cui
748 1868 826 1916 ipsae
842 1867 1018 1916 palpebrae
1034 1870 1242 1910 tumebant,
1260 1867 1375 1906 incisis
1387 1869 1569 1910 cruribus,
1594 1869 1713 1905 omnis
1730 1868 1774 1904 de
1794 1867 1872 1905 vul-

285 1938 371 1965 nere
387 1939 477 1976 aqua
498 1927 635 1964 effluxit
652 1927 687 1966 G
699 1940 717 1964 E
731 1940 754 1964 o
767 1939 787 1964 F
801 1940 823 1964 R
836 1939 858 1964 ο
873 1939 884 1963 1
909 1925 986 1974 (f).
1023 1927 1161 1977 Sponte
1182 1929 1310 1977 apertis
1327 1927 1478 1976 pedibus
1494 1927 1716 1976 hydropicus
1734 1926 1871 1963 sanatus

1739 1984 1873 2023 Faun

326 2041 387 2078 (t)
412 2042 558 2079 Chirurgie
573 2044 703 2080 complete
723 2042 779 2072 obs.
807 2045 870 2072 126.

325 2083 395 2118 (u)
419 2083 506 2117 Apud
528 2084 557 2112 A.
585 2084 602 2114 P
618 2096 635 2113 A
649 2094 696 2113 cc
711 2094 730 2113 n
747 2093 785 2112 ro
801 2093 818 2113 N
836 2093 853 2112 υ
868 2094 890 2112 M
913 2084 944 2111 in
957 2091 1028 2120 oper.
1047 2094 1120 2114 omn.
1140 2094 1158 2122 p
1187 2093 1255 2120 2¹9.
1278 2085 1304 2114 Sc
1326 2084 1499 2114 Menon
1522 2083 1746 2120 depedetumid.
1771 2092 1797 2121 p.
1825 2091 1873 2122 14.

326 2124 396 2158 (x)
423 2127 462 2153 De
473 2121 582 2163 ingrejls
600 2125 689 2162 intest.
713 2134 738 2161 p.
757 2135 801 2162 34.

327 2164 396 2200 (y)
421 2165 442 2193 C
454 2175 473 2193 n
489 2175 504 2192 R
517 2176 525 2193 1
537 2175 549 2194 s
561 2175 590 2194 Τ.
623 2166 635 2200 ,J
652 2176 687 2194 ER
700 2176 714 2195 E
727 2178 747 2195 M
761 2177 769 2194 1
782 2177 800 2195 A
813 2176 824 2195 s
848 2165 872 2195 R
886 2175 903 2194 0
917 2177 932 2194 L
946 2176 962 2193 L
977 2177 985 2194 1
1001 2176 1023 2194 N
1046 2167 1075 2195 in
1093 2167 1147 2195 den
1163 2163 1477 2205 Braunfihweigifihen
1494 2165 1629 2202 anzeigen
1645 2174 1662 2194 a
1680 2171 1759 2204 ¹751·

325 2206 396 2237 (z)
419 2208 522 2234 Comm.
539 2207 571 2233 in
587 2207 684 2236 Boerh.
706 2207 802 2245 aphor.
824 2206 858 2236 T.
874 2206 895 2236 l.
920 2216 948 2244 p.
973 2217 1040 2245 705.

328 2247 391 2281 (a)
419 2249 511 2282 l¹'rcg.r.
541 2257 564 2280 ς.

325 2286 479 2322 (11)T.=1
495 2296 508 2315 ε
521 2297 536 2315 ν
552 2297 659 2317 εΝοί·
693 2289 759 2317 ltin.
778 2288 838 2319 Lib.
857 2288 891 2317 Η.
915 2287 938 2317 C
966 2289 1065 2319 XXV.

327 2328 338 2357 (
355 2328 391 2362 c)
416 2327 481 2362 Eplr.
497 2334 556 2357 nuc.
575 2339 633 2358 cur.
659 2330 715 2357 (lec.
735 2339 757 2358 t.
775 2340 842 2359 mm.
862 2332 888 2358 6.
906 2338 933 2366 7.
951 2328 1004 2368 obs:
1027 2339 1093 2369 147.

328 2368 339 2390 (
354 2369 372 2396 d
386 2370 397 2402 )
418 2366 599 2406 Ofrc¹e1ust0n
612 2370 672 2398 and
683 2370 841 2399 derivatim
856 2380 883 2408 p.
898 2379 945 2408 43.

328 2408 385 2442 (e)
409 2408 424 2437 1.
441 2418 463 2437 c.
487 2408 522 2437 T.
539 2409 588 2440 III.
613 2420 640 2447 p.
654 2414 721 2446 669.

329 2448 395 2487 (f)
423 2448 525 2480 Traice‘
542 2452 575 2480 de
590 2452 617 2481 la
625 2451 692 2490 Peste
706 2452 736 2482 in
749 2451 919 2485 collectione
940 2452 980 2484 11.
993 2464 1019 2483 L.
1045 2453 1064 2485 S
1075 2464 1090 2485 E
1101 2464 1122 2486 N
1133 2463 1155 2486 Α
1168 2465 1185 2486 c
1195 2465 1208 2487 x
1236 2463 1265 2494 p.
1279 2455 1352 2493 443?
