<?xml version="1.0" encoding="UTF-8"?>
<!DOCTYPE html PUBLIC "-//W3C//DTD XHTML 1.0 Transitional//EN"
    "http://www.w3.org/TR/xhtml1/DTD/xhtml1-transitional.dtd">
<html xmlns="http://www.w3.org/1999/xhtml" xml:lang="en" lang="en">
 <head>
  <title>
</title>
<meta http-equiv="Content-Type" content="text/html;charset=utf-8" />
  <meta name='ocr-system' content='tesseract 3.04.00' />
  <meta name='ocr-capabilities' content='ocr_page ocr_carea ocr_par ocr_line ocrx_word'/>
</head>
<body>
  <div class='ocr_page' id='page_1' title='image "./elementaphysiolo01hall_0208.png"; bbox 0 0 2003 2748; ppageno 0'>
   <div class='ocr_carea' id='block_1_1' title="bbox 321 161 1373 216">
    <p class='ocr_par' dir='ltr' id='par_1_1' title="bbox 321 161 1373 216">
     <span class='ocr_line' id='line_1_1' title="bbox 321 161 1373 216; baseline 0.002 -16"><span class='ocrx_word' id='word_1_1' title='bbox 321 171 398 208; x_wconf 82' lang='lat'>182</span> <span class='ocrx_word' id='word_1_2' title='bbox 822 162 977 202; x_wconf 78' lang='lat' dir='ltr'><em>LJB.</em></span> <span class='ocrx_word' id='word_1_3' title='bbox 1021 162 1085 201; x_wconf 78' lang='grc' dir='ltr'>ΙΙ.</span> <span class='ocrx_word' id='word_1_4' title='bbox 1149 161 1373 216; x_wconf 15' lang='grc' dir='ltr'><strong>νΑεᾸΑ.</strong></span> 
     </span>
    </p>
   </div>
   <div class='ocr_carea' id='block_1_2' title="bbox 294 257 1911 1429">
    <p class='ocr_par' dir='ltr' id='par_1_2' title="bbox 295 257 1910 366">
     <span class='ocr_line' id='line_1_2' title="bbox 376 257 1910 314; baseline 0.004 -18"><span class='ocrx_word' id='word_1_5' title='bbox 376 259 538 297; x_wconf 76' lang='lat' dir='ltr'>Firmitas</span> <span class='ocrx_word' id='word_1_6' title='bbox 567 259 603 295; x_wconf 69' lang='lat' dir='ltr'>Sc</span> <span class='ocrx_word' id='word_1_7' title='bbox 631 259 669 294; x_wconf 89' lang='lat' dir='ltr'>in</span> <span class='ocrx_word' id='word_1_8' title='bbox 692 257 763 306; x_wconf 85' lang='lat' dir='ltr'>ipsa</span> <span class='ocrx_word' id='word_1_9' title='bbox 786 269 891 295; x_wconf 84' lang='lat' dir='ltr'>carne</span> <span class='ocrx_word' id='word_1_10' title='bbox 918 257 1118 306; x_wconf 80' lang='lat' dir='ltr'>glandulae,</span> <span class='ocrx_word' id='word_1_11' title='bbox 1146 258 1183 295; x_wconf 72' lang='lat' dir='ltr'>Sc</span> <span class='ocrx_word' id='word_1_12' title='bbox 1216 259 1322 296; x_wconf 82' lang='lat' dir='ltr'>etiam</span> <span class='ocrx_word' id='word_1_13' title='bbox 1343 260 1457 308; x_wconf 81' lang='lat' dir='ltr'>magis</span> <span class='ocrx_word' id='word_1_14' title='bbox 1483 260 1522 297; x_wconf 90' lang='lat' dir='ltr'>in</span> <span class='ocrx_word' id='word_1_15' title='bbox 1549 261 1767 301; x_wconf 80' lang='lat' dir='ltr'>membranis</span> <span class='ocrx_word' id='word_1_16' title='bbox 1783 292 1793 307; x_wconf 88' lang='lat'>,</span> <span class='ocrx_word' id='word_1_17' title='bbox 1829 262 1910 314; x_wconf 62' lang='lat' dir='ltr'>quiJ</span> 
     </span>
     <span class='ocr_line' id='line_1_3' title="bbox 295 316 1873 366; baseline 0.001 -10"><span class='ocrx_word' id='word_1_18' title='bbox 295 320 382 357; x_wconf 88' lang='lat' dir='ltr'>-bus</span> <span class='ocrx_word' id='word_1_19' title='bbox 406 319 643 360; x_wconf 84' lang='lat' dir='ltr'>ambeuntur,</span> <span class='ocrx_word' id='word_1_20' title='bbox 678 316 825 366; x_wconf 82' lang='lat' dir='ltr'>insignis</span> <span class='ocrx_word' id='word_1_21' title='bbox 847 317 927 360; x_wconf 82' lang='lat' dir='ltr'>est‚·</span> <span class='ocrx_word' id='word_1_22' title='bbox 952 317 1029 354; x_wconf 79' lang='lat' dir='ltr'>haec</span> <span class='ocrx_word' id='word_1_23' title='bbox 1051 329 1137 362; x_wconf 88' lang='lat' dir='ltr'>cum</span> <span class='ocrx_word' id='word_1_24' title='bbox 1162 317 1305 355; x_wconf 81' lang='lat' dir='ltr'>levitate</span> <span class='ocrx_word' id='word_1_25' title='bbox 1335 320 1535 366; x_wconf 60' lang='lat' dir='ltr'>conjuncia.</span> <span class='ocrx_word' id='word_1_26' title='bbox 1870 352 1873 357; x_wconf 89' lang='lat'>.</span> 
     </span>
    </p>

    <p class='ocr_par' dir='ltr' id='par_1_3' title="bbox 296 376 1909 654">
     <span class='ocr_line' id='line_1_4' title="bbox 375 376 1907 430; baseline 0.003 -16"><span class='ocrx_word' id='word_1_27' title='bbox 375 377 470 414; x_wconf 88' lang='lat' dir='ltr'>Cum</span> <span class='ocrx_word' id='word_1_28' title='bbox 497 376 752 413; x_wconf 82' lang='lat' dir='ltr'>ambeuntibus</span> <span class='ocrx_word' id='word_1_29' title='bbox 781 377 939 425; x_wconf 77' lang='lat' dir='ltr'>partibus</span> <span class='ocrx_word' id='word_1_30' title='bbox 967 378 1131 425; x_wconf 90' lang='lat' dir='ltr'>corporis</span> <span class='ocrx_word' id='word_1_31' title='bbox 1163 376 1311 414; x_wconf 79' lang='lat' dir='ltr'>humani</span> <span class='ocrx_word' id='word_1_32' title='bbox 1339 378 1452 415; x_wconf 82' lang='lat' dir='ltr'>multa</span> <span class='ocrx_word' id='word_1_33' title='bbox 1478 377 1646 416; x_wconf 78' lang='lat' dir='ltr'>cellulosa</span> <span class='ocrx_word' id='word_1_34' title='bbox 1679 378 1748 417; x_wconf 84' lang='lat' dir='ltr'>tela</span> <span class='ocrx_word' id='word_1_35' title='bbox 1773 392 1812 418; x_wconf 83' lang='lat' dir='ltr'>ea</span> <span class='ocrx_word' id='word_1_36' title='bbox 1825 380 1907 430; x_wconf 85' lang='lat' dir='ltr'>lege</span> 
     </span>
     <span class='ocr_line' id='line_1_5' title="bbox 296 435 1908 484; baseline 0.004 -14"><span class='ocrx_word' id='word_1_37' title='bbox 296 437 509 477; x_wconf 50' lang='lat' dir='ltr'>uniuntur,</span> <span class='ocrx_word' id='word_1_38' title='bbox 545 436 642 472; x_wconf 85' lang='lat' dir='ltr'>utin</span> <span class='ocrx_word' id='word_1_39' title='bbox 676 435 799 472; x_wconf 88' lang='lat' dir='ltr'>medio</span> <span class='ocrx_word' id='word_1_40' title='bbox 825 435 928 484; x_wconf 81' lang='lat' dir='ltr'>adipe</span> <span class='ocrx_word' id='word_1_41' title='bbox 945 463 953 477; x_wconf 88' lang='lat'><strong>,</strong></span> <span class='ocrx_word' id='word_1_42' title='bbox 988 444 1049 473; x_wconf 86' lang='lat' dir='ltr'>aut</span> <span class='ocrx_word' id='word_1_43' title='bbox 1071 435 1265 473; x_wconf 72' lang='lat' dir='ltr'>cavernoso</span> <span class='ocrx_word' id='word_1_44' title='bbox 1291 442 1416 480; x_wconf 82' lang='lat' dir='ltr'>textu,</span> <span class='ocrx_word' id='word_1_45' title='bbox 1451 437 1606 474; x_wconf 77' lang='lat' dir='ltr'>mobiles</span> <span class='ocrx_word' id='word_1_46' title='bbox 1627 436 1703 474; x_wconf 86' lang='lat' dir='ltr'>fint.</span> <span class='ocrx_word' id='word_1_47' title='bbox 1788 438 1842 476; x_wconf 84' lang='lat' dir='ltr'>Ex</span> <span class='ocrx_word' id='word_1_48' title='bbox 1869 452 1908 477; x_wconf 84' lang='lat' dir='ltr'>ea</span> 
     </span>
     <span class='ocr_line' id='line_1_6' title="bbox 313 493 1909 544; baseline 0.003 -13"><span class='ocrx_word' id='word_1_49' title='bbox 313 504 400 532; x_wconf 80' lang='lat' dir='ltr'>nota</span> <span class='ocrx_word' id='word_1_50' title='bbox 435 494 549 532; x_wconf 88' lang='lat' dir='ltr'>levius</span> <span class='ocrx_word' id='word_1_51' title='bbox 576 493 712 531; x_wconf 77' lang='lat' dir='ltr'>malum</span> <span class='ocrx_word' id='word_1_52' title='bbox 749 493 836 537; x_wconf 80' lang='lat' dir='ltr'>effe,</span> <span class='ocrx_word' id='word_1_53' title='bbox 873 506 991 543; x_wconf 82' lang='lat' dir='ltr'>neque</span> <span class='ocrx_word' id='word_1_54' title='bbox 1021 494 1274 542; x_wconf 77' lang='lat' dir='ltr'>glandularum</span> <span class='ocrx_word' id='word_1_55' title='bbox 1305 504 1469 533; x_wconf 80' lang='lat' dir='ltr'>naturam</span> <span class='ocrx_word' id='word_1_56' title='bbox 1498 496 1600 533; x_wconf 77' lang='lat' dir='ltr'>valde</span> <span class='ocrx_word' id='word_1_57' title='bbox 1627 507 1646 532; x_wconf 82' lang='lat' dir='ltr'>a</span> <span class='ocrx_word' id='word_1_58' title='bbox 1671 496 1831 544; x_wconf 82' lang='lat' dir='ltr'>legitima</span> <span class='ocrx_word' id='word_1_59' title='bbox 1854 510 1909 535; x_wconf 90' lang='lat' dir='ltr'>re-</span> 
     </span>
     <span class='ocr_line' id='line_1_7' title="bbox 314 551 1908 601; baseline 0.003 -11"><span class='ocrx_word' id='word_1_60' title='bbox 314 551 465 596; x_wconf 73' lang='lat' dir='ltr'>ceffiffe,</span> <span class='ocrx_word' id='word_1_61' title='bbox 501 553 660 601; x_wconf 80' lang='lat' dir='ltr'>chirurgi</span> <span class='ocrx_word' id='word_1_62' title='bbox 687 553 867 601; x_wconf 77' lang='lat' dir='ltr'>colligunt</span> <span class='ocrx_word' id='word_1_63' title='bbox 895 566 901 589; x_wconf 94' lang='lat'>:</span> <span class='ocrx_word' id='word_1_64' title='bbox 949 555 986 590; x_wconf 85' lang='lat' dir='ltr'>in</span> <span class='ocrx_word' id='word_1_65' title='bbox 1015 554 1110 591; x_wconf 75' lang='lat' dir='ltr'>malo</span> <span class='ocrx_word' id='word_1_66' title='bbox 1141 555 1239 591; x_wconf 87' lang='lat' dir='ltr'>enim</span> <span class='ocrx_word' id='word_1_67' title='bbox 1266 555 1476 598; x_wconf 87' lang='lat' dir='ltr'>vetustiori,</span> <span class='ocrx_word' id='word_1_68' title='bbox 1512 557 1549 593; x_wconf 68' lang='grc' dir='ltr'>δι</span> <span class='ocrx_word' id='word_1_69' title='bbox 1586 554 1828 599; x_wconf 80' lang='lat' dir='ltr'>confirmato,</span> <span class='ocrx_word' id='word_1_70' title='bbox 1863 557 1908 594; x_wconf 81' lang='lat' dir='ltr'>ad</span> 
     </span>
     <span class='ocr_line' id='line_1_8' title="bbox 314 611 1102 654; baseline 0.003 -5"><span class='ocrx_word' id='word_1_71' title='bbox 314 622 435 650; x_wconf 85' lang='lat' dir='ltr'>cutem</span> <span class='ocrx_word' id='word_1_72' title='bbox 459 612 659 654; x_wconf 81' lang='lat' dir='ltr'>adhaerent‚</span> <span class='ocrx_word' id='word_1_73' title='bbox 697 613 732 649; x_wconf 72' lang='lat' dir='ltr'>Sc</span> <span class='ocrx_word' id='word_1_74' title='bbox 763 611 971 650; x_wconf 81' lang='lat' dir='ltr'>immobiles</span> <span class='ocrx_word' id='word_1_75' title='bbox 1002 611 1102 651; x_wconf 87' lang='lat' dir='ltr'>fiunt.</span> 
     </span>
    </p>

    <p class='ocr_par' dir='ltr' id='par_1_4' title="bbox 294 669 1911 1429">
     <span class='ocr_line' id='line_1_9' title="bbox 374 669 1909 723; baseline 0.003 -15"><span class='ocrx_word' id='word_1_76' title='bbox 374 671 520 708; x_wconf 79' lang='lat' dir='ltr'>Fabrica</span> <span class='ocrx_word' id='word_1_77' title='bbox 540 671 629 708; x_wconf 88' lang='lat' dir='ltr'>mihi</span> <span class='ocrx_word' id='word_1_78' title='bbox 656 669 758 708; x_wconf 77' lang='lat' dir='ltr'>valde</span> <span class='ocrx_word' id='word_1_79' title='bbox 782 670 932 720; x_wconf 80' lang='lat' dir='ltr'>simplex</span> <span class='ocrx_word' id='word_1_80' title='bbox 958 671 1028 709; x_wconf 84' lang='lat' dir='ltr'>visa</span> <span class='ocrx_word' id='word_1_81' title='bbox 1055 671 1127 714; x_wconf 88' lang='lat' dir='ltr'>est,</span> <span class='ocrx_word' id='word_1_82' title='bbox 1163 683 1272 720; x_wconf 79' lang='lat' dir='ltr'>quam</span> <span class='ocrx_word' id='word_1_83' title='bbox 1298 671 1483 721; x_wconf 73' lang='lat' dir='ltr'>insigniter</span> <span class='ocrx_word' id='word_1_84' title='bbox 1510 674 1763 723; x_wconf 79' lang='lat' dir='ltr'>complicatam</span> <span class='ocrx_word' id='word_1_85' title='bbox 1785 676 1821 712; x_wconf 63' lang='grc' dir='ltr'>ὃς</span> <span class='ocrx_word' id='word_1_86' title='bbox 1842 674 1909 712; x_wconf 86' lang='lat' dir='ltr'>dif-</span> 
     </span>
     <span class='ocr_line' id='line_1_10' title="bbox 314 729 1909 780; baseline 0.003 -13"><span class='ocrx_word' id='word_1_87' title='bbox 314 729 447 767; x_wconf 85' lang='lat' dir='ltr'>ficilem</span> <span class='ocrx_word' id='word_1_88' title='bbox 473 732 578 773; x_wconf 80' lang='lat' dir='ltr'>varii,</span> <span class='ocrx_word' id='word_1_89' title='bbox 616 731 723 767; x_wconf 81' lang='lat' dir='ltr'>etiam</span> <span class='ocrx_word' id='word_1_90' title='bbox 747 730 854 767; x_wconf 78' lang='lat' dir='ltr'>bonae</span> <span class='ocrx_word' id='word_1_91' title='bbox 885 737 980 767; x_wconf 82' lang='lat' dir='ltr'>notae</span> <span class='ocrx_word' id='word_1_92' title='bbox 995 729 1196 779; x_wconf 82' lang='lat' dir='ltr'>scriptores,</span> <span class='ocrx_word' id='word_1_93' title='bbox 1229 730 1373 768; x_wconf 81' lang='lat' dir='ltr'>faciunt.</span> <span class='ocrx_word' id='word_1_94' title='bbox 1439 730 1538 780; x_wconf 84' lang='lat' dir='ltr'>Ergo</span> <span class='ocrx_word' id='word_1_95' title='bbox 1567 734 1775 770; x_wconf 83' lang='lat' dir='ltr'>membrana</span> <span class='ocrx_word' id='word_1_96' title='bbox 1803 736 1909 772; x_wconf 81' lang='lat' dir='ltr'>unica</span> 
     </span>
     <span class='ocr_line' id='line_1_11' title="bbox 315 788 1910 843; baseline 0.003 -17"><span class='ocrx_word' id='word_1_97' title='bbox 315 789 365 826; x_wconf 86' lang='lat' dir='ltr'>est</span> <span class='ocrx_word' id='word_1_98' title='bbox 383 788 503 832; x_wconf 75' lang='lat' dir='ltr'>firma,</span> <span class='ocrx_word' id='word_1_99' title='bbox 540 789 765 833; x_wconf 55' lang='lat' dir='ltr'>duriuscula,</span> <span class='ocrx_word' id='word_1_100' title='bbox 801 795 842 827; x_wconf 87' lang='lat' dir='ltr'>ut</span> <span class='ocrx_word' id='word_1_101' title='bbox 871 801 934 838; x_wconf 86' lang='lat' dir='ltr'>per</span> <span class='ocrx_word' id='word_1_102' title='bbox 963 790 1114 827; x_wconf 87' lang='lat' dir='ltr'>morbos</span> <span class='ocrx_word' id='word_1_103' title='bbox 1127 789 1229 826; x_wconf 79' lang='lat' dir='ltr'>facile</span> <span class='ocrx_word' id='word_1_104' title='bbox 1253 790 1584 843; x_wconf 17' lang='lat' dir='ltr'>inqcartilagineam</span> <span class='ocrx_word' id='word_1_105' title='bbox 1612 799 1775 829; x_wconf 83' lang='lat' dir='ltr'>naturam</span> <span class='ocrx_word' id='word_1_106' title='bbox 1797 800 1910 830; x_wconf 86' lang='lat' dir='ltr'>trans-</span> 
     </span>
     <span class='ocr_line' id='line_1_12' title="bbox 296 847 1911 898; baseline 0.002 -13"><span class='ocrx_word' id='word_1_107' title='bbox 296 855 379 886; x_wconf 71' lang='lat' dir='ltr'>eat.</span> <span class='ocrx_word' id='word_1_108' title='bbox 446 848 489 886; x_wconf 89' lang='lat' dir='ltr'>In</span> <span class='ocrx_word' id='word_1_109' title='bbox 519 861 558 886; x_wconf 82' lang='lat' dir='ltr'>ea</span> <span class='ocrx_word' id='word_1_110' title='bbox 582 848 718 887; x_wconf 62' lang='lat' dir='ltr'>vaitula</span> <span class='ocrx_word' id='word_1_111' title='bbox 749 848 941 897; x_wconf 80' lang='lat' dir='ltr'>sanguinea</span> <span class='ocrx_word' id='word_1_112' title='bbox 968 847 1249 887; x_wconf 82' lang='lat' dir='ltr'>numerofiffima</span> <span class='ocrx_word' id='word_1_113' title='bbox 1286 849 1478 898; x_wconf 77' lang='lat' dir='ltr'>adparent,</span> <span class='ocrx_word' id='word_1_114' title='bbox 1509 851 1545 888; x_wconf 67' lang='grc' dir='ltr'>δε</span> <span class='ocrx_word' id='word_1_115' title='bbox 1570 851 1734 888; x_wconf 86' lang='lat' dir='ltr'>colorem</span> <span class='ocrx_word' id='word_1_116' title='bbox 1758 853 1911 890; x_wconf 87' lang='lat' dir='ltr'>rubrum</span> 
     </span>
     <span class='ocr_line' id='line_1_13' title="bbox 300 907 1910 957; baseline 0.002 -13"><span class='ocrx_word' id='word_1_117' title='bbox 300 907 387 950; x_wconf 75' lang='lat' dir='ltr'>sola</span> <span class='ocrx_word' id='word_1_118' title='bbox 420 907 574 945; x_wconf 86' lang='lat' dir='ltr'>faciunt:</span> <span class='ocrx_word' id='word_1_119' title='bbox 610 907 714 944; x_wconf 84' lang='lat' dir='ltr'>fibras</span> <span class='ocrx_word' id='word_1_120' title='bbox 735 907 855 945; x_wconf 64' lang='lat' dir='ltr'>autem</span> <span class='ocrx_word' id='word_1_121' title='bbox 881 919 1023 944; x_wconf 84' lang='lat' dir='ltr'>carneas</span> <span class='ocrx_word' id='word_1_122' title='bbox 1049 907 1201 950; x_wconf 74' lang='lat' dir='ltr'>habere,</span> <span class='ocrx_word' id='word_1_123' title='bbox 1237 907 1298 944; x_wconf 84' lang='lat' dir='ltr'>etfi</span> <span class='ocrx_word' id='word_1_124' title='bbox 1323 911 1448 957; x_wconf 79' lang='lat' dir='ltr'>magni</span> <span class='ocrx_word' id='word_1_125' title='bbox 1479 910 1557 956; x_wconf 77' lang='lat' dir='ltr'><em>(cl)</em></span> <span class='ocrx_word' id='word_1_126' title='bbox 1589 911 1664 953; x_wconf 81' lang='lat' dir='ltr'>viri,</span> <span class='ocrx_word' id='word_1_127' title='bbox 1688 910 1732 947; x_wconf 84' lang='lat' dir='ltr'>ad</span> <span class='ocrx_word' id='word_1_128' title='bbox 1751 917 1835 947; x_wconf 81' lang='lat' dir='ltr'>vota</span> <span class='ocrx_word' id='word_1_129' title='bbox 1851 911 1910 948; x_wconf 84' lang='lat' dir='ltr'>sua</span> 
     </span>
     <span class='ocr_line' id='line_1_14' title="bbox 294 966 1910 1017; baseline 0.001 -13"><span class='ocrx_word' id='word_1_130' title='bbox 294 966 408 1005; x_wconf 65' lang='lat' dir='ltr'>„forte</span> <span class='ocrx_word' id='word_1_131' title='bbox 430 967 466 1003; x_wconf 87' lang='lat'>&amp;</span> <span class='ocrx_word' id='word_1_132' title='bbox 497 966 768 1016; x_wconf 76' lang='lat' dir='ltr'>physiologicos</span> <span class='ocrx_word' id='word_1_133' title='bbox 800 966 881 1004; x_wconf 78' lang='lat' dir='ltr'>usus</span> <span class='ocrx_word' id='word_1_134' title='bbox 907 966 1117 1010; x_wconf 78' lang='lat' dir='ltr'>adfirmant,</span> <span class='ocrx_word' id='word_1_135' title='bbox 1153 978 1272 1015; x_wconf 86' lang='lat' dir='ltr'>neque</span> <span class='ocrx_word' id='word_1_136' title='bbox 1304 968 1436 1010; x_wconf 89' lang='lat' dir='ltr'>oculo,</span> <span class='ocrx_word' id='word_1_137' title='bbox 1471 981 1590 1017; x_wconf 87' lang='lat' dir='ltr'>neque</span> <span class='ocrx_word' id='word_1_138' title='bbox 1612 981 1657 1005; x_wconf 84' lang='lat' dir='ltr'>ex</span> <span class='ocrx_word' id='word_1_139' title='bbox 1688 969 1849 1006; x_wconf 82' lang='lat' dir='ltr'>irritabili</span> <span class='ocrx_word' id='word_1_140' title='bbox 1874 970 1910 1006; x_wconf 87' lang='lat' dir='ltr'>vi</span> 
     </span>
     <span class='ocr_line' id='line_1_15' title="bbox 315 1025 1907 1075; baseline 0.001 -12"><span class='ocrx_word' id='word_1_141' title='bbox 315 1037 478 1074; x_wconf 79' lang='lat' dir='ltr'>unquam</span> <span class='ocrx_word' id='word_1_142' title='bbox 504 1025 717 1063; x_wconf 82' lang='lat' dir='ltr'>confirmare</span> <span class='ocrx_word' id='word_1_143' title='bbox 737 1027 863 1075; x_wconf 86' lang='lat' dir='ltr'>potui,</span> <span class='ocrx_word' id='word_1_144' title='bbox 901 1026 937 1062; x_wconf 67' lang='grc' dir='ltr'>δι</span> <span class='ocrx_word' id='word_1_145' title='bbox 968 1026 1156 1063; x_wconf 82' lang='lat' dir='ltr'>manifesto</span> <span class='ocrx_word' id='word_1_146' title='bbox 1177 1025 1287 1063; x_wconf 84' lang='lat' dir='ltr'>video</span> <span class='ocrx_word' id='word_1_147' title='bbox 1304 1055 1313 1069; x_wconf 88' lang='lat'>‚</span> <span class='ocrx_word' id='word_1_148' title='bbox 1350 1025 1425 1063; x_wconf 74' lang='lat' dir='ltr'>MA</span> <span class='ocrx_word' id='word_1_149' title='bbox 1438 1038 1457 1062; x_wconf 84' lang='lat' dir='ltr'>L</span> <span class='ocrx_word' id='word_1_150' title='bbox 1472 1039 1491 1063; x_wconf 83' lang='lat' dir='ltr'>P</span> <span class='ocrx_word' id='word_1_151' title='bbox 1506 1039 1518 1063; x_wconf 96' lang='lat'>1</span> <span class='ocrx_word' id='word_1_152' title='bbox 1533 1039 1557 1064; x_wconf 88' lang='lat' dir='ltr'>G</span> <span class='ocrx_word' id='word_1_153' title='bbox 1571 1039 1596 1063; x_wconf 80' lang='grc' dir='ltr'><strong>Η</strong></span> <span class='ocrx_word' id='word_1_154' title='bbox 1612 1040 1625 1064; x_wconf 90' lang='lat'>1</span> <span class='ocrx_word' id='word_1_155' title='bbox 1641 1040 1662 1064; x_wconf 83' lang='lat' dir='ltr'>A.</span> <span class='ocrx_word' id='word_1_156' title='bbox 1677 1040 1700 1064; x_wconf 82' lang='lat' dir='ltr'>N</span> <span class='ocrx_word' id='word_1_157' title='bbox 1715 1040 1737 1064; x_wconf 84' lang='lat' dir='ltr'>A</span> <span class='ocrx_word' id='word_1_158' title='bbox 1750 1040 1765 1064; x_wconf 84' lang='lat' dir='ltr'>s</span> <span class='ocrx_word' id='word_1_159' title='bbox 1791 1027 1907 1071; x_wconf 79' lang='lat' dir='ltr'>fibras,</span> 
     </span>
     <span class='ocr_line' id='line_1_16' title="bbox 316 1083 1910 1135; baseline 0.001 -13"><span class='ocrx_word' id='word_1_160' title='bbox 316 1097 403 1134; x_wconf 74' lang='lat' dir='ltr'>quas</span> <span class='ocrx_word' id='word_1_161' title='bbox 430 1086 648 1122; x_wconf 79' lang='lat' dir='ltr'>membranae</span> <span class='ocrx_word' id='word_1_162' title='bbox 683 1092 839 1123; x_wconf 64' lang='lat' dir='ltr'>externae</span> <span class='ocrx_word' id='word_1_163' title='bbox 870 1084 1063 1131; x_wconf 63' lang='lat' dir='ltr'>subjeeias‚</span> <span class='ocrx_word' id='word_1_164' title='bbox 1099 1083 1259 1122; x_wconf 79' lang='lat' dir='ltr'>carnosas</span> <span class='ocrx_word' id='word_1_165' title='bbox 1288 1086 1324 1122; x_wconf 85' lang='lat'>&amp;</span> <span class='ocrx_word' id='word_1_166' title='bbox 1352 1085 1554 1123; x_wconf 80' lang='lat' dir='ltr'>reticulatas</span> <span class='ocrx_word' id='word_1_167' title='bbox 1587 1088 1640 1123; x_wconf 88' lang='lat' dir='ltr'>vir</span> <span class='ocrx_word' id='word_1_168' title='bbox 1670 1098 1823 1135; x_wconf 87' lang='lat' dir='ltr'>magnus</span> <span class='ocrx_word' id='word_1_169' title='bbox 1849 1087 1910 1124; x_wconf 90' lang='lat' dir='ltr'>de-</span> 
     </span>
     <span class='ocr_line' id='line_1_17' title="bbox 298 1142 1906 1195; baseline 0.002 -15"><span class='ocrx_word' id='word_1_170' title='bbox 298 1143 434 1186; x_wconf 53' lang='lat' dir='ltr'>:scribit</span> <span class='ocrx_word' id='word_1_171' title='bbox 462 1144 555 1192; x_wconf 85' lang='lat' dir='ltr'>(e),</span> <span class='ocrx_word' id='word_1_172' title='bbox 591 1144 672 1180; x_wconf 80' lang='lat' dir='ltr'>alias</span> <span class='ocrx_word' id='word_1_173' title='bbox 693 1143 737 1180; x_wconf 84' lang='lat' dir='ltr'>ad</span> <span class='ocrx_word' id='word_1_174' title='bbox 767 1142 904 1180; x_wconf 73' lang='lat' dir='ltr'>vascula</span> <span class='ocrx_word' id='word_1_175' title='bbox 925 1143 1138 1187; x_wconf 80' lang='lat' dir='ltr'>velamenti,</span> <span class='ocrx_word' id='word_1_176' title='bbox 1174 1142 1256 1180; x_wconf 81' lang='lat' dir='ltr'>alias</span> <span class='ocrx_word' id='word_1_177' title='bbox 1281 1144 1324 1181; x_wconf 84' lang='lat' dir='ltr'>ad</span> <span class='ocrx_word' id='word_1_178' title='bbox 1352 1144 1557 1182; x_wconf 77' lang='lat' dir='ltr'>cellulosam</span> <span class='ocrx_word' id='word_1_179' title='bbox 1587 1145 1695 1183; x_wconf 81' lang='lat' dir='ltr'>telam</span> <span class='ocrx_word' id='word_1_180' title='bbox 1717 1148 1906 1195; x_wconf 85' lang='lat' dir='ltr'>pertinere.</span> 
     </span>
     <span class='ocr_line' id='line_1_18' title="bbox 302 1201 1910 1252; baseline 0.001 -13"><span class='ocrx_word' id='word_1_181' title='bbox 302 1202 448 1252; x_wconf 54' lang='lat' dir='ltr'>‚Neque</span> <span class='ocrx_word' id='word_1_182' title='bbox 477 1202 614 1251; x_wconf 79' lang='lat' dir='ltr'>duplex</span> <span class='ocrx_word' id='word_1_183' title='bbox 645 1203 892 1240; x_wconf 82' lang='lat' dir='ltr'>velamentum</span> <span class='ocrx_word' id='word_1_184' title='bbox 930 1204 1072 1251; x_wconf 80' lang='lat' dir='ltr'>reperio</span> <span class='ocrx_word' id='word_1_185' title='bbox 1107 1201 1159 1251; x_wconf 84' lang='lat' dir='ltr'>(f</span> <span class='ocrx_word' id='word_1_186' title='bbox 1173 1202 1213 1249; x_wconf 85' lang='lat'>)‚</span> <span class='ocrx_word' id='word_1_187' title='bbox 1249 1211 1309 1240; x_wconf 82' lang='lat' dir='ltr'>aut</span> <span class='ocrx_word' id='word_1_188' title='bbox 1336 1206 1554 1241; x_wconf 82' lang='lat' dir='ltr'>exteriorem</span> <span class='ocrx_word' id='word_1_189' title='bbox 1597 1205 1845 1242; x_wconf 82' lang='lat' dir='ltr'>membranam</span> <span class='ocrx_word' id='word_1_190' title='bbox 1870 1205 1910 1241; x_wconf 86' lang='lat' dir='ltr'>fi-</span> 
     </span>
     <span class='ocr_line' id='line_1_19' title="bbox 305 1261 1911 1313; baseline 0.002 -16"><span class='ocrx_word' id='word_1_191' title='bbox 305 1261 652 1299; x_wconf 69' lang='lat' dir='ltr'>,broso-tendineam</span> <span class='ocrx_word' id='word_1_192' title='bbox 684 1262 770 1308; x_wconf 80' lang='lat' dir='ltr'>(g)</span> <span class='ocrx_word' id='word_1_193' title='bbox 788 1289 797 1303; x_wconf 88' lang='lat'>‚</span> <span class='ocrx_word' id='word_1_194' title='bbox 834 1262 870 1297; x_wconf 87' lang='lat'>&amp;</span> <span class='ocrx_word' id='word_1_195' title='bbox 894 1261 1105 1298; x_wconf 82' lang='lat' dir='ltr'>interiorem</span> <span class='ocrx_word' id='word_1_196' title='bbox 1132 1261 1311 1310; x_wconf 73' lang='lat' dir='ltr'>glandulae</span> <span class='ocrx_word' id='word_1_197' title='bbox 1333 1261 1429 1311; x_wconf 79' lang='lat' dir='ltr'>quafi</span> <span class='ocrx_word' id='word_1_198' title='bbox 1463 1263 1652 1300; x_wconf 84' lang='lat' dir='ltr'>tendinem</span> <span class='ocrx_word' id='word_1_199' title='bbox 1677 1262 1754 1313; x_wconf 83' lang='lat' dir='ltr'>(h)</span> <span class='ocrx_word' id='word_1_200' title='bbox 1788 1263 1911 1300; x_wconf 86' lang='lat' dir='ltr'>distin-</span> 
     </span>
     <span class='ocr_line' id='line_1_20' title="bbox 301 1318 1910 1370; baseline 0.001 -14"><span class='ocrx_word' id='word_1_201' title='bbox 301 1331 413 1366; x_wconf 70' lang='lat' dir='ltr'>guo,</span> <span class='ocrx_word' id='word_1_202' title='bbox 448 1321 506 1357; x_wconf 85' lang='lat' dir='ltr'>cui</span> <span class='ocrx_word' id='word_1_203' title='bbox 536 1319 631 1357; x_wconf 83' lang='lat' dir='ltr'>fibrae</span> <span class='ocrx_word' id='word_1_204' title='bbox 655 1322 803 1356; x_wconf 82' lang='lat' dir='ltr'>internae</span> <span class='ocrx_word' id='word_1_205' title='bbox 831 1318 1028 1357; x_wconf 78' lang='lat' dir='ltr'>inserantur</span> <span class='ocrx_word' id='word_1_206' title='bbox 1043 1348 1052 1362; x_wconf 85' lang='lat'><strong>,</strong></span> <span class='ocrx_word' id='word_1_207' title='bbox 1088 1332 1167 1369; x_wconf 86' lang='lat' dir='ltr'>quae</span> <span class='ocrx_word' id='word_1_208' title='bbox 1191 1321 1235 1358; x_wconf 88' lang='lat' dir='ltr'>ad</span> <span class='ocrx_word' id='word_1_209' title='bbox 1257 1320 1329 1358; x_wconf 84' lang='lat' dir='ltr'>Nu</span> <span class='ocrx_word' id='word_1_210' title='bbox 1344 1333 1364 1357; x_wconf 88' lang='lat' dir='ltr'>c</span> <span class='ocrx_word' id='word_1_211' title='bbox 1381 1333 1405 1357; x_wconf 82' lang='lat' dir='ltr'>K</span> <span class='ocrx_word' id='word_1_212' title='bbox 1421 1333 1461 1358; x_wconf 92' lang='lat'>11</span> <span class='ocrx_word' id='word_1_213' title='bbox 1495 1321 1794 1370; x_wconf 85' lang='lat' dir='ltr'>descriptionem,</span> <span class='ocrx_word' id='word_1_214' title='bbox 1825 1333 1910 1360; x_wconf 85' lang='lat' dir='ltr'>cum</span> 
     </span>
     <span class='ocr_line' id='line_1_21' title="bbox 316 1378 1674 1429; baseline 0.002 -15"><span class='ocrx_word' id='word_1_215' title='bbox 316 1379 434 1427; x_wconf 74' lang='lat' dir='ltr'>aliqua</span> <span class='ocrx_word' id='word_1_216' title='bbox 467 1381 608 1428; x_wconf 61' lang='lat' dir='ltr'>poetica</span> <span class='ocrx_word' id='word_1_217' title='bbox 645 1378 944 1428; x_wconf 79' lang='lat' dir='ltr'>amplificatione,</span> <span class='ocrx_word' id='word_1_218' title='bbox 979 1385 1018 1416; x_wconf 84' lang='lat' dir='ltr'>ut</span> <span class='ocrx_word' id='word_1_219' title='bbox 1044 1391 1115 1428; x_wconf 83' lang='lat' dir='ltr'>ego</span> <span class='ocrx_word' id='word_1_220' title='bbox 1136 1379 1284 1429; x_wconf 87' lang='lat' dir='ltr'>quidem</span> <span class='ocrx_word' id='word_1_221' title='bbox 1308 1379 1441 1422; x_wconf 85' lang='lat' dir='ltr'>credo,</span> <span class='ocrx_word' id='word_1_222' title='bbox 1475 1379 1561 1418; x_wconf 65' lang='lat' dir='ltr'>fiffi&#39;tae</span> <span class='ocrx_word' id='word_1_223' title='bbox 1586 1380 1674 1418; x_wconf 87' lang='lat' dir='ltr'>sunt.</span> 
     </span>
    </p>
   </div>
   <div class='ocr_carea' id='block_1_3' title="bbox 798 1495 1426 1541">
    <p class='ocr_par' dir='ltr' id='par_1_5' title="bbox 798 1495 1426 1541">
     <span class='ocr_line' id='line_1_22' title="bbox 798 1495 1426 1541; baseline 0 -7"><span class='ocrx_word' id='word_1_224' title='bbox 798 1500 830 1541; x_wconf 63' lang='grc' dir='ltr'>ἓ.</span> <span class='ocrx_word' id='word_1_225' title='bbox 866 1495 954 1534; x_wconf 91' lang='lat' dir='ltr'>XV</span> <span class='ocrx_word' id='word_1_226' title='bbox 972 1496 988 1534; x_wconf 91' lang='grc' dir='ltr'><strong>Ι</strong></span> <span class='ocrx_word' id='word_1_227' title='bbox 1005 1496 1020 1534; x_wconf 94' lang='grc' dir='ltr'>Ι</span> <span class='ocrx_word' id='word_1_228' title='bbox 1037 1496 1062 1534; x_wconf 89' lang='lat' dir='ltr'>I.</span> <span class='ocrx_word' id='word_1_229' title='bbox 1134 1496 1259 1534; x_wconf 78' lang='lat' dir='ltr'>Cellulo</span> <span class='ocrx_word' id='word_1_230' title='bbox 1278 1510 1299 1534; x_wconf 76' lang='lat' dir='ltr'><em>a</em></span> <span class='ocrx_word' id='word_1_231' title='bbox 1334 1497 1426 1534; x_wconf 65' lang='lat' dir='ltr'><em>Tela.</em></span> 
     </span>
    </p>
   </div>
   <div class='ocr_carea' id='block_1_4' title="bbox 315 1596 1914 2048">
    <p class='ocr_par' dir='ltr' id='par_1_6' title="bbox 315 1596 1914 1996">
     <span class='ocr_line' id='line_1_23' title="bbox 391 1596 1914 1647; baseline 0.003 -13"><span class='ocrx_word' id='word_1_232' title='bbox 391 1596 586 1646; x_wconf 80' lang='lat' dir='ltr'>Postquam</span> <span class='ocrx_word' id='word_1_233' title='bbox 616 1609 655 1634; x_wconf 85' lang='lat' dir='ltr'>ea</span> <span class='ocrx_word' id='word_1_234' title='bbox 678 1596 888 1634; x_wconf 84' lang='lat' dir='ltr'>membrana</span> <span class='ocrx_word' id='word_1_235' title='bbox 917 1604 1055 1633; x_wconf 85' lang='lat' dir='ltr'>remota</span> <span class='ocrx_word' id='word_1_236' title='bbox 1083 1597 1153 1639; x_wconf 79' lang='lat' dir='ltr'>est,</span> <span class='ocrx_word' id='word_1_237' title='bbox 1189 1596 1355 1635; x_wconf 83' lang='lat' dir='ltr'>cellulosa</span> <span class='ocrx_word' id='word_1_238' title='bbox 1385 1596 1455 1634; x_wconf 86' lang='lat' dir='ltr'>tela</span> <span class='ocrx_word' id='word_1_239' title='bbox 1491 1597 1585 1635; x_wconf 88' lang='lat' dir='ltr'>succi</span> <span class='ocrx_word' id='word_1_240' title='bbox 1611 1598 1716 1647; x_wconf 83' lang='lat' dir='ltr'>plena</span> <span class='ocrx_word' id='word_1_241' title='bbox 1739 1598 1914 1645; x_wconf 52' lang='lat' dir='ltr'>succedit}</span> 
     </span>
     <span class='ocr_line' id='line_1_24' title="bbox 317 1654 1912 1706; baseline 0.003 -14"><span class='ocrx_word' id='word_1_242' title='bbox 317 1656 463 1697; x_wconf 79' lang='lat' dir='ltr'>mollis,</span> <span class='ocrx_word' id='word_1_243' title='bbox 499 1655 646 1697; x_wconf 83' lang='lat' dir='ltr'>flexilis,</span> <span class='ocrx_word' id='word_1_244' title='bbox 683 1667 768 1693; x_wconf 88' lang='lat' dir='ltr'>cum</span> <span class='ocrx_word' id='word_1_245' title='bbox 790 1654 876 1692; x_wconf 78' lang='lat' dir='ltr'>vasis</span> <span class='ocrx_word' id='word_1_246' title='bbox 909 1655 1111 1704; x_wconf 74' lang='lat' dir='ltr'>sanguineis</span> <span class='ocrx_word' id='word_1_247' title='bbox 1141 1657 1333 1694; x_wconf 80' lang='lat' dir='ltr'>intertexta</span> <span class='ocrx_word' id='word_1_248' title='bbox 1353 1685 1362 1699; x_wconf 91' lang='lat'>‚</span> <span class='ocrx_word' id='word_1_249' title='bbox 1398 1668 1507 1705; x_wconf 83' lang='lat' dir='ltr'>quam</span> <span class='ocrx_word' id='word_1_250' title='bbox 1539 1656 1729 1706; x_wconf 77' lang='lat' dir='ltr'>muscosam</span> <span class='ocrx_word' id='word_1_251' title='bbox 1757 1658 1811 1696; x_wconf 85' lang='lat' dir='ltr'>Cl.</span> <span class='ocrx_word' id='word_1_252' title='bbox 1843 1661 1912 1696; x_wconf 80' lang='lat' dir='ltr'>viri</span> 
     </span>
     <span class='ocr_line' id='line_1_25' title="bbox 318 1714 1907 1765; baseline 0.003 -15"><span class='ocrx_word' id='word_1_253' title='bbox 318 1715 489 1751; x_wconf 81' lang='lat' dir='ltr'>dixerunt</span> <span class='ocrx_word' id='word_1_254' title='bbox 518 1714 608 1760; x_wconf 81' lang='lat' dir='ltr'>(i),</span> <span class='ocrx_word' id='word_1_255' title='bbox 646 1715 681 1751; x_wconf 86' lang='lat'>&amp;</span> <span class='ocrx_word' id='word_1_256' title='bbox 710 1726 754 1751; x_wconf 84' lang='lat' dir='ltr'>ex</span> <span class='ocrx_word' id='word_1_257' title='bbox 780 1714 877 1751; x_wconf 88' lang='lat' dir='ltr'>fibris</span> <span class='ocrx_word' id='word_1_258' title='bbox 909 1727 986 1752; x_wconf 85' lang='lat' dir='ltr'>non</span> <span class='ocrx_word' id='word_1_259' title='bbox 1017 1716 1111 1752; x_wconf 77' lang='lat' dir='ltr'>cavis</span> <span class='ocrx_word' id='word_1_260' title='bbox 1144 1714 1219 1752; x_wconf 88' lang='lat' dir='ltr'>fieri</span> <span class='ocrx_word' id='word_1_261' title='bbox 1249 1715 1342 1752; x_wconf 57' lang='lat' dir='ltr'>recte</span> <span class='ocrx_word' id='word_1_262' title='bbox 1384 1715 1621 1753; x_wconf 67' lang='lat' dir='ltr'>Nummus</span> <span class='ocrx_word' id='word_1_263' title='bbox 1661 1716 1787 1754; x_wconf 88' lang='lat' dir='ltr'>docuit</span> <span class='ocrx_word' id='word_1_264' title='bbox 1813 1719 1907 1765; x_wconf 78' lang='lat' dir='ltr'><em>(k).</em></span> 
     </span>
     <span class='ocr_line' id='line_1_26' title="bbox 318 1772 1912 1824; baseline 0.002 -14"><span class='ocrx_word' id='word_1_265' title='bbox 318 1772 408 1810; x_wconf 87' lang='lat' dir='ltr'>Non</span> <span class='ocrx_word' id='word_1_266' title='bbox 437 1772 501 1809; x_wconf 83' lang='lat' dir='ltr'>alia</span> <span class='ocrx_word' id='word_1_267' title='bbox 523 1773 603 1810; x_wconf 88' lang='lat' dir='ltr'>sunt</span> <span class='ocrx_word' id='word_1_268' title='bbox 635 1773 761 1810; x_wconf 84' lang='lat' dir='ltr'>fibrosa</span> <span class='ocrx_word' id='word_1_269' title='bbox 788 1773 935 1810; x_wconf 79' lang='lat' dir='ltr'>stamina</span> <span class='ocrx_word' id='word_1_270' title='bbox 964 1774 1215 1822; x_wconf 85' lang='lat' dir='ltr'>glandularum</span> <span class='ocrx_word' id='word_1_271' title='bbox 1237 1774 1559 1824; x_wconf 79' lang='lat' dir='ltr'>lymphaticarum,</span> <span class='ocrx_word' id='word_1_272' title='bbox 1595 1787 1680 1812; x_wconf 90' lang='lat' dir='ltr'>cum</span> <span class='ocrx_word' id='word_1_273' title='bbox 1711 1776 1912 1813; x_wconf 77' lang='lat' dir='ltr'>innumeris</span> 
     </span>
     <span class='ocr_line' id='line_1_27' title="bbox 316 1831 1911 1883; baseline 0.003 -15"><span class='ocrx_word' id='word_1_274' title='bbox 316 1831 544 1869; x_wconf 81' lang='lat' dir='ltr'>foraminulis</span> <span class='ocrx_word' id='word_1_275' title='bbox 574 1831 619 1868; x_wconf 78' lang='lat' dir='ltr'>ad</span> <span class='ocrx_word' id='word_1_276' title='bbox 641 1832 748 1868; x_wconf 88' lang='lat' dir='ltr'>cribri</span> <span class='ocrx_word' id='word_1_277' title='bbox 773 1832 950 1875; x_wconf 90' lang='lat' dir='ltr'>modum,</span> <span class='ocrx_word' id='word_1_278' title='bbox 985 1845 1049 1881; x_wconf 79' lang='lat' dir='ltr'>per</span> <span class='ocrx_word' id='word_1_279' title='bbox 1077 1845 1155 1881; x_wconf 83' lang='lat' dir='ltr'>quae</span> <span class='ocrx_word' id='word_1_280' title='bbox 1179 1833 1326 1882; x_wconf 86' lang='lat' dir='ltr'>lympha</span> <span class='ocrx_word' id='word_1_281' title='bbox 1350 1835 1522 1880; x_wconf 80' lang='lat' dir='ltr'>trajicitur</span> <span class='ocrx_word' id='word_1_282' title='bbox 1540 1833 1634 1881; x_wconf 88' lang='lat' dir='ltr'><em>(l),</em></span> <span class='ocrx_word' id='word_1_283' title='bbox 1669 1834 1713 1870; x_wconf 83' lang='lat' dir='ltr'>ab</span> <span class='ocrx_word' id='word_1_284' title='bbox 1733 1833 1807 1870; x_wconf 87' lang='lat' dir='ltr'>aliis</span> <span class='ocrx_word' id='word_1_285' title='bbox 1826 1847 1911 1883; x_wconf 87' lang='lat' dir='ltr'>pro-</span> 
     </span>
     <span class='ocr_line' id='line_1_28' title="bbox 315 1890 1911 1942; baseline 0.003 -15"><span class='ocrx_word' id='word_1_286' title='bbox 315 1890 507 1928; x_wconf 64' lang='lat' dir='ltr'>sestoribus</span> <span class='ocrx_word' id='word_1_287' title='bbox 521 1890 713 1939; x_wconf 79' lang='lat' dir='ltr'>descripta,</span> <span class='ocrx_word' id='word_1_288' title='bbox 749 1891 958 1940; x_wconf 78' lang='lat' dir='ltr'>eaedemque</span> <span class='ocrx_word' id='word_1_289' title='bbox 982 1891 1062 1928; x_wconf 89' lang='lat' dir='ltr'>sunt</span> <span class='ocrx_word' id='word_1_290' title='bbox 1082 1891 1177 1928; x_wconf 76' lang='lat' dir='ltr'>fibrae</span> <span class='ocrx_word' id='word_1_291' title='bbox 1209 1903 1330 1929; x_wconf 81' lang='lat' dir='ltr'>earum</span> <span class='ocrx_word' id='word_1_292' title='bbox 1351 1891 1624 1940; x_wconf 79' lang='lat' dir='ltr'>glandularum&#39;,</span> <span class='ocrx_word' id='word_1_293' title='bbox 1660 1904 1738 1941; x_wconf 81' lang='lat' dir='ltr'>quae</span> <span class='ocrx_word' id='word_1_294' title='bbox 1757 1905 1820 1941; x_wconf 86' lang='lat' dir='ltr'>per</span> <span class='ocrx_word' id='word_1_295' title='bbox 1845 1906 1911 1942; x_wconf 89' lang='lat' dir='ltr'>pu-</span> 
     </span>
     <span class='ocr_line' id='line_1_29' title="bbox 316 1948 1912 1996; baseline 0.003 -11"><span class='ocrx_word' id='word_1_296' title='bbox 316 1949 496 1987; x_wconf 82' lang='lat' dir='ltr'>tredinem</span> <span class='ocrx_word' id='word_1_297' title='bbox 527 1948 712 1987; x_wconf 83' lang='lat' dir='ltr'>LOSSIO</span> <span class='ocrx_word' id='word_1_298' title='bbox 743 1949 845 1996; x_wconf 85' lang='lat' dir='ltr'>(m)</span> <span class='ocrx_word' id='word_1_299' title='bbox 879 1951 1127 1988; x_wconf 86' lang='lat' dir='ltr'>innotuerunt.</span> <span class='ocrx_word' id='word_1_300' title='bbox 1196 1949 1341 1988; x_wconf 83' lang='lat' dir='ltr'>Eaedem</span> <span class='ocrx_word' id='word_1_301' title='bbox 1378 1951 1459 1989; x_wconf 87' lang='lat' dir='ltr'>sunt</span> <span class='ocrx_word' id='word_1_302' title='bbox 1488 1952 1594 1987; x_wconf 81' lang='lat' dir='ltr'>etiam</span> <span class='ocrx_word' id='word_1_303' title='bbox 1621 1953 1792 1989; x_wconf 88' lang='lat' dir='ltr'>motrices</span> <span class='ocrx_word' id='word_1_304' title='bbox 1815 1951 1912 1989; x_wconf 73' lang='lat' dir='ltr'>fibrae</span> 
     </span>
    </p>

    <p class='ocr_par' dir='ltr' id='par_1_7' title="bbox 1741 2010 1909 2048">
     <span class='ocr_line' id='line_1_30' title="bbox 1741 2010 1909 2048; baseline 0.006 -1"><span class='ocrx_word' id='word_1_305' title='bbox 1741 2010 1786 2047; x_wconf 89' lang='lat' dir='ltr'>M</span> <span class='ocrx_word' id='word_1_306' title='bbox 1796 2022 1817 2047; x_wconf 76' lang='lat' dir='ltr'>Y</span> <span class='ocrx_word' id='word_1_307' title='bbox 1832 2023 1852 2047; x_wconf 83' lang='lat' dir='ltr'>L</span> <span class='ocrx_word' id='word_1_308' title='bbox 1867 2023 1879 2047; x_wconf 95' lang='lat'>1</span> <span class='ocrx_word' id='word_1_309' title='bbox 1895 2023 1909 2048; x_wconf 85' lang='lat'><em>1</em></span> 
     </span>
    </p>
   </div>
   <div class='ocr_carea' id='block_1_5' title="bbox 314 2113 1913 2480">
    <p class='ocr_par' dir='ltr' id='par_1_8' title="bbox 314 2113 1913 2480">
     <span class='ocr_line' id='line_1_31' title="bbox 358 2113 1564 2153; baseline 0.002 -10"><span class='ocrx_word' id='word_1_310' title='bbox 358 2113 424 2150; x_wconf 79' lang='lat' dir='ltr'>(d)</span> <span class='ocrx_word' id='word_1_311' title='bbox 448 2115 546 2145; x_wconf 74' lang='lat' dir='ltr'>Marc.</span> <span class='ocrx_word' id='word_1_312' title='bbox 574 2113 605 2144; x_wconf 82' lang='lat' dir='ltr'>M</span> <span class='ocrx_word' id='word_1_313' title='bbox 621 2125 638 2143; x_wconf 76' lang='lat' dir='ltr'>A</span> <span class='ocrx_word' id='word_1_314' title='bbox 656 2126 672 2143; x_wconf 79' lang='grc' dir='ltr'>ι,</span> <span class='ocrx_word' id='word_1_315' title='bbox 684 2124 700 2143; x_wconf 75' lang='lat'>1²</span> <span class='ocrx_word' id='word_1_316' title='bbox 713 2125 721 2143; x_wconf 85' lang='grc' dir='ltr'><strong>ι</strong></span> <span class='ocrx_word' id='word_1_317' title='bbox 735 2124 752 2143; x_wconf 83' lang='lat' dir='ltr'>G</span> <span class='ocrx_word' id='word_1_318' title='bbox 768 2124 789 2143; x_wconf 78' lang='lat' dir='ltr'>H</span> <span class='ocrx_word' id='word_1_319' title='bbox 804 2125 813 2143; x_wconf 86' lang='lat'>1</span> <span class='ocrx_word' id='word_1_320' title='bbox 830 2124 848 2143; x_wconf 87' lang='lat' dir='ltr'>u</span> <span class='ocrx_word' id='word_1_321' title='bbox 861 2124 874 2145; x_wconf 88' lang='lat' dir='ltr'><strong>s</strong></span> <span class='ocrx_word' id='word_1_322' title='bbox 906 2116 939 2144; x_wconf 85' lang='lat' dir='ltr'>de</span> <span class='ocrx_word' id='word_1_323' title='bbox 961 2115 1090 2152; x_wconf 73' lang='lat' dir='ltr'>glandul.</span> <span class='ocrx_word' id='word_1_324' title='bbox 1186 2114 1248 2153; x_wconf 75' lang='lat' dir='ltr'>(h)</span> <span class='ocrx_word' id='word_1_325' title='bbox 1271 2113 1342 2145; x_wconf 72' lang='lat' dir='ltr'>Ibid.</span> <span class='ocrx_word' id='word_1_326' title='bbox 1367 2125 1389 2145; x_wconf 91' lang='lat' dir='ltr'>c.</span> <span class='ocrx_word' id='word_1_327' title='bbox 1406 2125 1428 2145; x_wconf 88' lang='lat' dir='ltr'>c.</span> <span class='ocrx_word' id='word_1_328' title='bbox 1449 2115 1476 2145; x_wconf 74' lang='grc' dir='ltr'>δι</span> <span class='ocrx_word' id='word_1_329' title='bbox 1492 2124 1518 2145; x_wconf 78' lang='lat' dir='ltr'>n.</span> <span class='ocrx_word' id='word_1_330' title='bbox 1540 2126 1564 2151; x_wconf 80' lang='grc' dir='ltr'>ς.</span> 
     </span>
     <span class='ocr_line' id='line_1_32' title="bbox 316 2153 1910 2193; baseline 0.004 -11"><span class='ocrx_word' id='word_1_331' title='bbox 316 2156 468 2191; x_wconf 65' lang='lat' dir='ltr'>conglobat.</span> <span class='ocrx_word' id='word_1_332' title='bbox 486 2165 513 2184; x_wconf 88' lang='lat' dir='ltr'>n.</span> <span class='ocrx_word' id='word_1_333' title='bbox 537 2165 564 2185; x_wconf 86' lang='lat'>2.</span> <span class='ocrx_word' id='word_1_334' title='bbox 583 2153 679 2193; x_wconf 79' lang='lat' dir='ltr'>Opusc.</span> <span class='ocrx_word' id='word_1_335' title='bbox 698 2155 832 2192; x_wconf 72' lang='lat' dir='ltr'>prfihum.</span> <span class='ocrx_word' id='word_1_336' title='bbox 860 2165 887 2193; x_wconf 84' lang='lat' dir='ltr'>p.</span> <span class='ocrx_word' id='word_1_337' title='bbox 908 2160 956 2193; x_wconf 83' lang='lat'>46.</span> <span class='ocrx_word' id='word_1_338' title='bbox 971 2158 1001 2192; x_wconf 86' lang='lat' dir='ltr'>J.</span> <span class='ocrx_word' id='word_1_339' title='bbox 1020 2157 1089 2186; x_wconf 74' lang='lat' dir='ltr'>God-</span> <span class='ocrx_word' id='word_1_340' title='bbox 1184 2157 1246 2192; x_wconf 83' lang='lat' dir='ltr'>(i)</span> <span class='ocrx_word' id='word_1_341' title='bbox 1270 2157 1296 2186; x_wconf 78' lang='lat' dir='ltr'>L.</span> <span class='ocrx_word' id='word_1_342' title='bbox 1325 2157 1346 2186; x_wconf 88' lang='lat' dir='ltr'>B</span> <span class='ocrx_word' id='word_1_343' title='bbox 1363 2168 1370 2185; x_wconf 80' lang='grc' dir='ltr'>ι</span> <span class='ocrx_word' id='word_1_344' title='bbox 1385 2168 1401 2185; x_wconf 79' lang='grc' dir='ltr'>ι.</span> <span class='ocrx_word' id='word_1_345' title='bbox 1416 2166 1428 2186; x_wconf 84' lang='lat' dir='ltr'><strong><em>s</em></strong></span> <span class='ocrx_word' id='word_1_346' title='bbox 1441 2167 1450 2185; x_wconf 94' lang='lat'>1</span> <span class='ocrx_word' id='word_1_347' title='bbox 1463 2166 1482 2185; x_wconf 80' lang='lat' dir='ltr'>u</span> <span class='ocrx_word' id='word_1_348' title='bbox 1496 2166 1508 2186; x_wconf 85' lang='lat' dir='ltr'>s</span> <span class='ocrx_word' id='word_1_349' title='bbox 1530 2156 1606 2193; x_wconf 79' lang='lat' dir='ltr'>apud</span> <span class='ocrx_word' id='word_1_350' title='bbox 1631 2157 1699 2187; x_wconf 73' lang='grc' dir='ltr'>Τοῦ.</span> <span class='ocrx_word' id='word_1_351' title='bbox 1731 2157 1750 2186; x_wconf 81' lang='grc' dir='ltr'><strong>Λ</strong></span> <span class='ocrx_word' id='word_1_352' title='bbox 1766 2166 1816 2185; x_wconf 74' lang='lat' dir='ltr'>Nn</span> <span class='ocrx_word' id='word_1_353' title='bbox 1828 2167 1844 2186; x_wconf 76' lang='lat' dir='ltr'>n</span> <span class='ocrx_word' id='word_1_354' title='bbox 1857 2168 1873 2188; x_wconf 76' lang='grc' dir='ltr'>ε</span> <span class='ocrx_word' id='word_1_355' title='bbox 1886 2170 1910 2188; x_wconf 75' lang='grc' dir='ltr'>ιι</span> 
     </span>
     <span class='ocr_line' id='line_1_33' title="bbox 317 2195 1910 2237; baseline 0.003 -13"><span class='ocrx_word' id='word_1_356' title='bbox 317 2196 353 2224; x_wconf 82' lang='lat' dir='ltr'>de</span> <span class='ocrx_word' id='word_1_357' title='bbox 372 2196 391 2224; x_wconf 91' lang='lat' dir='ltr'><strong>B</strong></span> <span class='ocrx_word' id='word_1_358' title='bbox 406 2206 421 2224; x_wconf 78' lang='lat' dir='ltr'>t</span> <span class='ocrx_word' id='word_1_359' title='bbox 437 2206 452 2224; x_wconf 84' lang='grc' dir='ltr'>ι</span> <span class='ocrx_word' id='word_1_360' title='bbox 466 2206 483 2224; x_wconf 85' lang='lat' dir='ltr'>G</span> <span class='ocrx_word' id='word_1_361' title='bbox 498 2206 511 2224; x_wconf 72' lang='lat' dir='ltr'>r,</span> <span class='ocrx_word' id='word_1_362' title='bbox 525 2206 542 2224; x_wconf 70' lang='grc' dir='ltr'>ι</span> <span class='ocrx_word' id='word_1_363' title='bbox 565 2196 598 2224; x_wconf 78' lang='lat' dir='ltr'>de</span> <span class='ocrx_word' id='word_1_364' title='bbox 616 2202 713 2225; x_wconf 64' lang='lat' dir='ltr'>natur.</span> <span class='ocrx_word' id='word_1_365' title='bbox 733 2196 850 2225; x_wconf 76' lang='lat' dir='ltr'>human.</span> <span class='ocrx_word' id='word_1_366' title='bbox 875 2207 905 2235; x_wconf 87' lang='lat' dir='ltr'>p.</span> <span class='ocrx_word' id='word_1_367' title='bbox 927 2201 991 2233; x_wconf 81' lang='lat'><em>165.</em></span> <span class='ocrx_word' id='word_1_368' title='bbox 1140 2198 1169 2226; x_wconf 92' lang='lat' dir='ltr'>in</span> <span class='ocrx_word' id='word_1_369' title='bbox 1184 2198 1292 2226; x_wconf 73' lang='lat' dir='ltr'>bilance</span> <span class='ocrx_word' id='word_1_370' title='bbox 1302 2195 1446 2235; x_wconf 70' lang='lat' dir='ltr'>balsamat.</span> <span class='ocrx_word' id='word_1_371' title='bbox 1461 2198 1496 2226; x_wconf 82' lang='grc' dir='ltr'>Εἰ</span> <span class='ocrx_word' id='word_1_372' title='bbox 1496 2195 1572 2233; x_wconf 70' lang='lat' dir='ltr'>fian.</span> <span class='ocrx_word' id='word_1_373' title='bbox 1590 2197 1628 2232; x_wconf 59' lang='grc' dir='ltr'>Εξ</span> <span class='ocrx_word' id='word_1_374' title='bbox 1639 2199 1816 2227; x_wconf 65' lang='lat' dir='ltr'>Clauderinn.</span> <span class='ocrx_word' id='word_1_375' title='bbox 1833 2208 1859 2236; x_wconf 90' lang='lat' dir='ltr'>p.</span> <span class='ocrx_word' id='word_1_376' title='bbox 1882 2209 1910 2237; x_wconf 88' lang='lat'>7.</span> 
     </span>
     <span class='ocr_line' id='line_1_34' title="bbox 358 2235 1911 2280; baseline 0.005 -16"><span class='ocrx_word' id='word_1_377' title='bbox 358 2235 420 2271; x_wconf 84' lang='lat' dir='ltr'>(e)</span> <span class='ocrx_word' id='word_1_378' title='bbox 446 2235 463 2264; x_wconf 92' lang='lat' dir='ltr'>l.</span> <span class='ocrx_word' id='word_1_379' title='bbox 487 2246 511 2265; x_wconf 89' lang='lat' dir='ltr'>c.</span> <span class='ocrx_word' id='word_1_380' title='bbox 1142 2238 1170 2268; x_wconf 96' lang='lat' dir='ltr'>N</span> <span class='ocrx_word' id='word_1_381' title='bbox 1185 2247 1266 2268; x_wconf 74' lang='lat' dir='ltr'>uei(</span> <span class='ocrx_word' id='word_1_382' title='bbox 1291 2238 1325 2266; x_wconf 81' lang='lat' dir='ltr'>de</span> <span class='ocrx_word' id='word_1_383' title='bbox 1340 2238 1440 2276; x_wconf 80' lang='lat' dir='ltr'>gland.</span> <span class='ocrx_word' id='word_1_384' title='bbox 1464 2238 1618 2274; x_wconf 79' lang='lat' dir='ltr'>conglobat.</span> <span class='ocrx_word' id='word_1_385' title='bbox 1638 2247 1663 2269; x_wconf 88' lang='lat' dir='ltr'>c.</span> <span class='ocrx_word' id='word_1_386' title='bbox 1683 2248 1709 2268; x_wconf 91' lang='lat'>2.</span> <span class='ocrx_word' id='word_1_387' title='bbox 1733 2247 1762 2276; x_wconf 86' lang='lat' dir='ltr'>p.</span> <span class='ocrx_word' id='word_1_388' title='bbox 1793 2248 1839 2279; x_wconf 86' lang='lat'>33.</span> <span class='ocrx_word' id='word_1_389' title='bbox 1863 2249 1911 2280; x_wconf 59' lang='grc' dir='ltr'>ις.</span> 
     </span>
     <span class='ocr_line' id='line_1_35' title="bbox 356 2275 1388 2317; baseline 0.005 -13"><span class='ocrx_word' id='word_1_390' title='bbox 356 2275 415 2312; x_wconf 85' lang='lat' dir='ltr'>(f)</span> <span class='ocrx_word' id='word_1_391' title='bbox 440 2276 467 2304; x_wconf 91' lang='lat' dir='ltr'>N</span> <span class='ocrx_word' id='word_1_392' title='bbox 482 2286 500 2304; x_wconf 86' lang='lat' dir='ltr'>u</span> <span class='ocrx_word' id='word_1_393' title='bbox 515 2285 533 2305; x_wconf 85' lang='lat' dir='ltr'>c</span> <span class='ocrx_word' id='word_1_394' title='bbox 548 2286 567 2305; x_wconf 84' lang='lat' dir='ltr'>K</span> <span class='ocrx_word' id='word_1_395' title='bbox 588 2277 616 2305; x_wconf 86' lang='lat' dir='ltr'>in</span> <span class='ocrx_word' id='word_1_396' title='bbox 632 2277 819 2314; x_wconf 72' lang='lat' dir='ltr'>aileuograph.</span> <span class='ocrx_word' id='word_1_397' title='bbox 840 2277 870 2307; x_wconf 92' lang='lat' dir='ltr'>C.</span> <span class='ocrx_word' id='word_1_398' title='bbox 889 2277 910 2307; x_wconf 77' lang='lat'>1.</span> <span class='ocrx_word' id='word_1_399' title='bbox 929 2288 955 2316; x_wconf 88' lang='lat' dir='ltr'>p.</span> <span class='ocrx_word' id='word_1_400' title='bbox 977 2287 1023 2314; x_wconf 87' lang='lat'>27.</span> <span class='ocrx_word' id='word_1_401' title='bbox 1040 2284 1087 2312; x_wconf 88' lang='lat'>28.</span> <span class='ocrx_word' id='word_1_402' title='bbox 1145 2282 1190 2317; x_wconf 84' lang='lat'>36.</span> <span class='ocrx_word' id='word_1_403' title='bbox 1222 2278 1240 2308; x_wconf 91' lang='lat' dir='ltr'>f.</span> <span class='ocrx_word' id='word_1_404' title='bbox 1270 2287 1314 2312; x_wconf 72' lang='lat'>¹3-</span> <span class='ocrx_word' id='word_1_405' title='bbox 1343 2287 1388 2316; x_wconf 77' lang='lat'>¹4.</span> 
     </span>
     <span class='ocr_line' id='line_1_36' title="bbox 357 2315 1458 2357; baseline 0.002 -12"><span class='ocrx_word' id='word_1_406' title='bbox 357 2315 420 2353; x_wconf 81' lang='lat' dir='ltr'>(g)</span> <span class='ocrx_word' id='word_1_407' title='bbox 444 2316 484 2345; x_wconf 84' lang='lat' dir='ltr'>Ita</span> <span class='ocrx_word' id='word_1_408' title='bbox 501 2315 649 2352; x_wconf 84' lang='lat' dir='ltr'>describit,</span> <span class='ocrx_word' id='word_1_409' title='bbox 671 2319 697 2347; x_wconf 74' lang='grc' dir='ltr'>ἃ</span> <span class='ocrx_word' id='word_1_410' title='bbox 718 2319 809 2355; x_wconf 80' lang='lat' dir='ltr'>pingit</span> <span class='ocrx_word' id='word_1_411' title='bbox 829 2319 991 2347; x_wconf 80' lang='lat' dir='ltr'>Guilielmus</span> <span class='ocrx_word' id='word_1_412' title='bbox 1011 2319 1042 2348; x_wconf 86' lang='lat' dir='ltr'><strong>M</strong></span> <span class='ocrx_word' id='word_1_413' title='bbox 1057 2329 1093 2348; x_wconf 74' lang='lat' dir='ltr'>Y·</span> <span class='ocrx_word' id='word_1_414' title='bbox 1185 2318 1253 2355; x_wconf 78' lang='lat' dir='ltr'>(k)</span> <span class='ocrx_word' id='word_1_415' title='bbox 1276 2318 1348 2348; x_wconf 89' lang='lat' dir='ltr'>Ibid.</span> <span class='ocrx_word' id='word_1_416' title='bbox 1368 2328 1394 2357; x_wconf 90' lang='lat' dir='ltr'>p.</span> <span class='ocrx_word' id='word_1_417' title='bbox 1415 2327 1458 2356; x_wconf 88' lang='lat'>37.</span> 
     </span>
     <span class='ocr_line' id='line_1_37' title="bbox 318 2356 1913 2399; baseline 0.003 -14"><span class='ocrx_word' id='word_1_418' title='bbox 318 2366 335 2385; x_wconf 80' lang='lat' dir='ltr'>L</span> <span class='ocrx_word' id='word_1_419' title='bbox 351 2366 359 2383; x_wconf 90' lang='lat'>1</span> <span class='ocrx_word' id='word_1_420' title='bbox 373 2366 390 2384; x_wconf 83' lang='grc' dir='ltr'>υ</span> <span class='ocrx_word' id='word_1_421' title='bbox 404 2366 416 2385; x_wconf 77' lang='lat' dir='ltr'>s</span> <span class='ocrx_word' id='word_1_422' title='bbox 442 2356 471 2385; x_wconf 87' lang='lat' dir='ltr'>in</span> <span class='ocrx_word' id='word_1_423' title='bbox 501 2357 569 2394; x_wconf 83' lang='lat' dir='ltr'>disp.</span> <span class='ocrx_word' id='word_1_424' title='bbox 592 2358 624 2385; x_wconf 79' lang='lat' dir='ltr'>cle</span> <span class='ocrx_word' id='word_1_425' title='bbox 649 2359 744 2394; x_wconf 70' lang='lat' dir='ltr'>gland.</span> <span class='ocrx_word' id='word_1_426' title='bbox 767 2368 851 2395; x_wconf 79' lang='lat' dir='ltr'>quam</span> <span class='ocrx_word' id='word_1_427' title='bbox 877 2359 906 2388; x_wconf 84' lang='lat' dir='ltr'>in</span> <span class='ocrx_word' id='word_1_428' title='bbox 936 2358 972 2388; x_wconf 86' lang='lat'>11.</span> <span class='ocrx_word' id='word_1_429' title='bbox 994 2357 1091 2389; x_wconf 85' lang='lat' dir='ltr'>Tomo</span> <span class='ocrx_word' id='word_1_430' title='bbox 1183 2359 1251 2395; x_wconf 86' lang='lat' dir='ltr'>(l)</span> <span class='ocrx_word' id='word_1_431' title='bbox 1273 2359 1318 2389; x_wconf 88' lang='lat' dir='ltr'>T1</span> <span class='ocrx_word' id='word_1_432' title='bbox 1335 2370 1373 2388; x_wconf 73' lang='lat' dir='ltr'>Li</span> <span class='ocrx_word' id='word_1_433' title='bbox 1389 2368 1442 2388; x_wconf 77' lang='lat' dir='ltr'>NG</span> <span class='ocrx_word' id='word_1_434' title='bbox 1475 2360 1552 2399; x_wconf 80' lang='lat' dir='ltr'>apud</span> <span class='ocrx_word' id='word_1_435' title='bbox 1579 2359 1623 2394; x_wconf 84' lang='lat' dir='ltr'>Cl.</span> <span class='ocrx_word' id='word_1_436' title='bbox 1649 2360 1671 2392; x_wconf 90' lang='lat' dir='ltr'>B</span> <span class='ocrx_word' id='word_1_437' title='bbox 1687 2365 1843 2397; x_wconf 56' lang='lat' dir='ltr'>AssrfM</span> <span class='ocrx_word' id='word_1_438' title='bbox 1865 2360 1913 2391; x_wconf 80' lang='lat' dir='ltr'>oh.</span> 
     </span>
     <span class='ocr_line' id='line_1_38' title="bbox 314 2396 1264 2440; baseline 0.005 -16"><span class='ocrx_word' id='word_1_439' title='bbox 314 2396 427 2425; x_wconf 69' lang='lat' dir='ltr'>collest.</span> <span class='ocrx_word' id='word_1_440' title='bbox 464 2406 534 2426; x_wconf 80' lang='lat' dir='ltr'>meae</span> <span class='ocrx_word' id='word_1_441' title='bbox 565 2397 689 2427; x_wconf 79' lang='lat' dir='ltr'>recusam</span> <span class='ocrx_word' id='word_1_442' title='bbox 721 2399 786 2427; x_wconf 68' lang='lat' dir='ltr'>dedi</span> <span class='ocrx_word' id='word_1_443' title='bbox 806 2421 814 2434; x_wconf 88' lang='lat'><strong>‚</strong></span> <span class='ocrx_word' id='word_1_444' title='bbox 845 2401 872 2428; x_wconf 65' lang='grc' dir='ltr'><strong>ἃ</strong></span> <span class='ocrx_word' id='word_1_445' title='bbox 906 2408 964 2429; x_wconf 90' lang='lat' dir='ltr'>non</span> <span class='ocrx_word' id='word_1_446' title='bbox 996 2400 1093 2437; x_wconf 82' lang='lat' dir='ltr'>inique</span> <span class='ocrx_word' id='word_1_447' title='bbox 1135 2398 1211 2440; x_wconf 80' lang='lat' dir='ltr'>serv.</span> <span class='ocrx_word' id='word_1_448' title='bbox 1239 2410 1264 2436; x_wconf 85' lang='lat'>5.</span> 
     </span>
     <span class='ocr_line' id='line_1_39' title="bbox 316 2436 1465 2480; baseline 0.007 -14"><span class='ocrx_word' id='word_1_449' title='bbox 316 2436 359 2467; x_wconf 73' lang='lat'>131</span> <span class='ocrx_word' id='word_1_450' title='bbox 375 2447 392 2466; x_wconf 80' lang='lat' dir='ltr'>n</span> <span class='ocrx_word' id='word_1_451' title='bbox 407 2448 421 2466; x_wconf 73' lang='grc' dir='ltr'>ι</span> <span class='ocrx_word' id='word_1_452' title='bbox 438 2447 453 2467; x_wconf 89' lang='grc' dir='ltr'>ο</span> <span class='ocrx_word' id='word_1_453' title='bbox 469 2447 485 2467; x_wconf 95' lang='lat' dir='ltr'>o</span> <span class='ocrx_word' id='word_1_454' title='bbox 515 2438 653 2469; x_wconf 72' lang='lat' dir='ltr'>tribueris.</span> <span class='ocrx_word' id='word_1_455' title='bbox 675 2437 758 2470; x_wconf 70' lang='lat' dir='ltr'>Cous.</span> <span class='ocrx_word' id='word_1_456' title='bbox 780 2449 806 2471; x_wconf 91' lang='lat' dir='ltr'>n.</span> <span class='ocrx_word' id='word_1_457' title='bbox 828 2449 855 2476; x_wconf 85' lang='lat'>4.</span> <span class='ocrx_word' id='word_1_458' title='bbox 879 2439 898 2470; x_wconf 91' lang='lat' dir='ltr'>f.</span> <span class='ocrx_word' id='word_1_459' title='bbox 921 2449 946 2471; x_wconf 86' lang='lat'>1.</span> <span class='ocrx_word' id='word_1_460' title='bbox 965 2439 995 2471; x_wconf 91' lang='lat' dir='ltr'>B.</span> <span class='ocrx_word' id='word_1_461' title='bbox 1010 2440 1042 2471; x_wconf 93' lang='lat' dir='ltr'>D.</span> <span class='ocrx_word' id='word_1_462' title='bbox 1059 2441 1091 2472; x_wconf 88' lang='lat' dir='ltr'>E.</span> <span class='ocrx_word' id='word_1_463' title='bbox 1186 2440 1261 2480; x_wconf 83' lang='lat' dir='ltr'>(m)</span> <span class='ocrx_word' id='word_1_464' title='bbox 1283 2440 1301 2472; x_wconf 92' lang='lat' dir='ltr'>l.</span> <span class='ocrx_word' id='word_1_465' title='bbox 1324 2451 1347 2473; x_wconf 83' lang='lat' dir='ltr'>e.</span> <span class='ocrx_word' id='word_1_466' title='bbox 1368 2451 1396 2473; x_wconf 84' lang='lat' dir='ltr'>n.</span> <span class='ocrx_word' id='word_1_467' title='bbox 1419 2449 1465 2473; x_wconf 78' lang='grc' dir='ltr'>η.</span> 
     </span>
    </p>
   </div>
  </div>
 </body>
</html>
