2003 2748
340 150 425 194 276
843 143 1014 185 'LIR
1077 143 1178 185 JV.
1245 144 1419 186 con.

339 242 382 280 In
407 243 562 292 oviparis
586 238 882 291 quadrupedibus
910 241 1013 279 valde
1029 241 1219 279 robustum
1239 242 1288 278 est
1301 269 1311 285 ‚
1345 249 1386 280 ut
1406 243 1444 279 in
1466 241 1644 281 testudine
1660 243 1715 290 <z
1729 242 1765 289 >,
1795 244 1832 283 &
1847 256 1928 284 ατο.

340 302 465 339 codilo
492 304 548 349 (a
564 300 602 346 )‚
646 310 725 338 tum
756 302 794 337 in
825 303 989 349 cognatis
1018 301 1229 350 reptilibus,
1271 309 1312 339 ut
1341 303 1381 338 in
1405 301 1567 351 serpente
1593 301 1646 348 (b
1662 303 1678 347 )
1695 330 1704 344 ,
1738 305 1930 342 robustiss-

338 373 442 398 mum
461 361 592 409 pariter
613 361 650 396 in
666 360 829 409 piscibus.
865 360 905 397 ln
926 360 1084 408 anguilla
1106 360 1237 398 durum
1257 361 1292 397 &
1312 360 1561 410 splendidum,
1594 361 1768 398 tendineo
1793 361 1924 407 simile,

339 431 464 456 coram
491 419 599 456 video
617 447 626 462 ,
664 421 701 456 in
722 419 797 456 aliis
821 419 1059 468 cartilagineis
1090 419 1244 468 piscibus
1276 419 1350 465 (c)
1381 421 1416 457 &
1446 422 1483 457 in
1515 420 1602 468 Raja
1639 419 1722 470 (d)
1754 420 1827 457 fere
1854 430 1931 458 car-

337 477 552 526 tilagineum
569 507 577 521 ‚
611 480 649 514 in
675 478 845 528 lampetra
870 478 1028 528 denique
1054 479 1133 524 (e)
1167 480 1335 516 omnium
1359 481 1471 517 totius
1499 481 1663 529 corporis
1687 482 1842 528 partium
1864 480 1931 518 du-

337 535 512 574 riffirnum
530 566 539 579 ‚
577 538 612 575 ἃ
636 537 751 575 solum
771 539 864 575 inter
892 550 1020 574 omnes
1047 536 1148 575 offeae
1167 546 1300 575 naturae
1324 540 1500 588 particeps
1516 539 1648 576 fabium
1672 539 1730 575 est.
1765 538 1929 588 AEquum

336 596 388 633 est
418 596 558 633 creditu
576 624 585 639 ,
623 598 662 633 in
681 596 735 633 his
761 597 975 634 animalibus
995 597 1132 634 firmius
1151 597 1281 634 fastum
1307 596 1373 635 esse
1391 626 1402 640 ‚
1440 610 1526 635 cum
1550 597 1653 635 nullo
1680 597 1929 646 diaphragma-

337 663 372 692 te
393 655 582 698 fulciatur,
620 656 656 692 &
676 656 779 693 cordi
807 656 945 693 tuendo
974 656 1055 693 alias
1075 656 1181 693 nullae
1200 684 1209 699 ,
1246 656 1328 693 alias
1353 656 1590 705 cartilagineae
1619 655 1823 705 debilesque
1852 656 1929 695 cos-

337 722 381 752 tae
401 714 571 763 praefediae
600 713 675 751 sint.
710 714 754 752 In
774 715 927 752 homine
949 716 1055 752 etiam
1072 717 1229 752 anterius
1244 715 1371 753 fortius
1398 715 1447 753 est
1461 744 1470 758 ‚
1502 728 1611 765 quam
1632 717 1724 752 circa
1754 712 1870 753 finum
1887 715 1930 752 si-

336 773 489 811 nistrum
507 803 516 817 ‚
552 786 622 822 qua
649 773 753 818 sede,
796 775 833 812 &
862 774 964 825 supra
990 787 1075 813 eum
1102 773 1242 818 smum,
1282 786 1352 825 qua
1375 776 1509 815 arteriis
1528 774 1725 824 grandibus
1746 774 1924 817 adhaeret,

335 835 480 872 tenuius
505 834 630 883 reperi.

840 946 876 989 §.
912 941 953 982 X
963 942 1026 981 VI
1038 942 1063 980 Ι.
1130 943 1284 981 Lamina
1305 946 1416 982 unica.

391 1051 548 1091 Perinde
577 1058 616 1090 ut
644 1052 709 1089 alia
735 1052 773 1089 in
794 1064 949 1101 corpore
979 1052 1142 1090 humano
1168 1063 1382 1101 magnarum
1406 1065 1595 1091 cavearum
1616 1052 1848 1095 velamenta}
1886 1057 1929 1090 ut

331 1113 459 1163 pleura
475 1141 483 1155 ‚
525 1112 560 1148 &
584 1114 846 1161 peritonaeum,
884 1113 931 1149 ita
957 1112 1199 1161 pericardium
1231 1113 1337 1150 unica
1363 1113 1572 1150 membrana
1600 1112 1677 1150 fieri
1702 1113 1866 1161 reperio,
1901 1110 1928 1149 fi

336 1172 589 1209 mediastinum
610 1172 817 1208 removeris.
853 1169 902 1207 Ea
918 1183 1007 1209 >vero
1035 1172 1246 1208 membrana
1271 1174 1396 1220 utique
1413 1201 1421 1214 ‚
1457 1179 1497 1209 ut
1520 1185 1568 1210 eae
1586 1201 1596 1215 ,
1630 1184 1717 1221 quas
1740 1170 1839 1209 nunc
1859 1182 1927 1208 no-

334 1233 489 1273 minavi,
516 1232 672 1267 exterius
700 1228 932 1267 cellulofitate
947 1230 1064 1278 aliqua
1081 1229 1272 1267 efflorescit
1287 1259 1295 1272 ‚
1330 1232 1430 1268 intus
1449 1259 1458 1273 ,
1494 1243 1563 1281 qua
1578 1243 1641 1269 cor
1667 1232 1853 1272 continet,
1875 1229 1927 1266 le-

338 1289 472 1327 vissima
499 1290 534 1326 &
551 1287 693 1326 denssor
713 1296 866 1338 apparet.
906 1288 1082 1327 Cellulosa
1098 1288 1154 1326 fila
1174 1287 1311 1327 vascula
1328 1291 1514 1332 irretiunt,
1552 1291 1588 1327 &
1613 1291 1714 1327 ner-vi
1738 1301 1801 1338 per
1819 1288 1927 1338 quos-

332 1348 419 1388 dam
445 1347 541 1398 quasi
572 1348 710 1385 canales
736 1348 929 1397 ‚pericardii
960 1349 1005 1386 ad
1036 1360 1100 1386 cor
1127 1350 1302 1391 veniunt,
1346 1349 1549 1398 pericardio
1576 1348 1800 1397 insculptos,
1842 1346 1925 1384 filis-

333 1421 406 1457 que
426 1406 601 1445 cellulofis
628 1407 773 1445 clausos.
809 1406 987 1450 Interius,
1031 1406 1056 1444 fi
1084 1407 1293 1451 diduxeris,
1328 1407 1432 1445 fibras
1463 1408 1570 1456 hujus
1598 1409 1741 1456 generis
1778 1406 1922 1444 intrica-

334 1475 386 1505 tas
407 1467 508 1504 facile
528 1469 709 1509 invenias,
745 1468 903 1504 maxime
921 1466 944 1503 fi
969 1468 1162 1504 maceratio
1186 1465 1373 1505 accesserit.

393 1526 619 1564 Nominibus
637 1527 751 1574 magis
764 1554 773 1568 ,
805 1537 914 1575 quam
937 1525 1008 1574 ipsa
1020 1538 1058 1563 re
1072 1555 1083 1568 ,
1113 1526 1224 1575 aliqui
1237 1526 1465 1564 recentissimi
1486 1527 1675 1576 scriptores
1689 1539 1709 1564 a
1730 1527 1836 1564 nobis
1854 1526 1921 1563 dis-

333 1586 501 1623 sentiunt.
536 1584 739 1622 Nobiscum
766 1584 839 1622 fere
864 1584 992 1628 sentit,
1026 1586 1063 1622 ἃ
1079 1587 1225 1623 unicam
1245 1598 1365 1624 verani
1389 1587 1577 1636 pericardii
1596 1586 1765 1624 laminam
1791 1585 1920 1623 admit-

329 1646 378 1682 tit
406 1643 463 1682 Cl.
491 1643 528 1681 D
542 1656 553 1680 1
568 1658 582 1681 s
596 1656 620 1681 D
636 1656 648 1680 1
664 1657 682 1681 E
699 1657 720 1681 R
751 1642 836 1692 (f).
870 1643 928 1681 lli.
974 1644 1030 1682 SE
1044 1657 1067 1681 N
1081 1658 1104 1681 A
1117 1658 1137 1682 c
1154 1657 1174 1682 υ
1191 1659 1205 1683 s
1219 1674 1229 1689 ,
1278 1653 1406 1694 praeter
1441 1646 1693 1684 mediastinum
1709 1673 1718 1688 ,
1758 1645 1846 1682 duas
1882 1657 1918 1681 e·

334 1704 483 1752 quidem
510 1705 545 1740 in
577 1703 776 1752 pericardio
795 1705 933 1741 tunicas
956 1712 1146 1747 numerat,
1194 1705 1254 1742 sed
1285 1707 1463 1742 internam
1491 1718 1585 1754 aegre
1619 1705 1767 1754 separari
1790 1704 1919 1741 fatetur

335 1764 389 1808 (g
408 1763 423 1807 )
441 1790 450 1804 ,
484 1763 520 1798 &
547 1762 591 1799 de
617 1774 762 1800 externa
778 1791 787 1805 ,
820 1762 971 1800 firmiori
992 1764 1161 1812 quidem,
1195 1764 1287 1802 reste
1302 1772 1431 1812 negat,
1465 1765 1616 1802 musculi
1639 1766 1676 1800 in
1692 1776 1731 1800 ea
1754 1769 1918 1800 naturam

326 1819 402 1859 esse
431 1821 531 1870 (h).
568 1820 728 1864 Similia,
771 1828 830 1859 aut
858 1823 1031 1871 propiora
1049 1823 1178 1859 nostris
1206 1822 1428 1861 Abrahamus
1451 1822 1639 1862 KAAUW
1668 1822 1816 1859 docuit:
1855 1822 1919 1869 qui

1831 1891 1921 1931 Pl‘oe-⁶

375 1978 389 2016 (
404 1980 449 2017 z)
470 1978 492 2009 P
504 1990 523 2010 A
536 1989 553 2009 ι
567 1989 576 2009 ι
592 1989 604 2010 s
618 1989 628 2009 1
639 1988 686 2010 nx
711 1981 740 2010 in
758 1979 924 2012 dissectione
949 1983 1009 2019 ejus
1034 1980 1174 2013 animalis.

372 2024 386 2056 (
403 2032 421 2050 a
437 2022 450 2058 )
472 2021 523 2051 Bo
535 2031 551 2050 ι
566 2031 585 2050 n
598 2030 636 2050 xc
648 2031 668 2051 n
692 2023 725 2050 de
741 2022 880 2052 hermem.
908 2025 1025 2060 AEgypt.
1046 2021 1191 2061 snpientia
1211 2033 1239 2061 p.
1264 2024 1331 2060 276.
1353 2022 1412 2054 ΗΛ
1425 2034 1448 2054 M
1461 2034 1483 2054 M
1496 2031 1513 2052 t
1545 2022 1577 2052 cle
1601 2021 1706 2051 herniis
1733 2029 1760 2058 p.
1788 2027 1855 2058 1⁶7.

374 2061 388 2098 (
404 2063 421 2090 b
437 2063 449 2099 )
471 2062 495 2092 V
510 2072 524 2091 n
539 2073 556 2091 R
568 2072 587 2091 D
603 2072 626 2092 u
641 2073 659 2092 e
677 2069 714 2092 tr.
739 2063 772 2091 de
793 2062 894 2102 l'ufizge
906 2065 952 2092 des
969 2066 1077 2101 parties
1098 2064 1131 2094 T.
1158 2064 1193 2093 ll.
1223 2074 1249 2102 p.
1274 2067 1320 2098 68.

374 2102 417 2137 (c
437 2104 448 2138 )
472 2102 556 2132 Conf.
584 2103 623 2133 du
644 2103 703 2133 HA
720 2114 741 2132 M
756 2114 770 2133 Β
784 2114 800 2132 ι.
822 2105 935 2142 historin
951 2105 1084 2134 Academ.
1110 2107 1175 2143 Reg.
1196 2106 1344 2135 scientiar.
1366 2114 1393 2142 p.
1413 2106 1459 2143 67.
1474 2104 1523 2135 H1
1541 2115 1558 2134 L
1571 2113 1590 2133 ι
1611 2101 1646 2137 of
1660 2102 1781 2132 animals
1802 2111 1828 2140 p.
1850 2110 1916 2137 ιη,

325 2143 366 2172 ‘In
387 2143 515 2173 Muraena
539 2144 556 2173 S
572 2153 587 2173 ε
602 2153 701 2174 veni
716 2154 738 2174 N
764 2145 841 2175 Zoot.
870 2147 1024 2176 Democrit.
1054 2156 1084 2184 p.
1115 2150 1179 2184 369.
1213 2155 1278 2185 370.
1306 2145 1432 2184 harengo
1467 2146 1610 2184 Leipziger
1622 2145 1852 2181 abhandlungen.
1878 2142 1915 2172 T.

327 2182 389 2258 1Χὲ
405 2193 547 2260 5)1i§?alvit.
572 2224 595 2254 C
607 2234 627 2254 ο
640 2236 656 2253 ι.
670 2236 686 2253 ι.
700 2237 709 2254 1
724 2236 746 2255 N
758 2235 770 2255 s
798 2226 906 2263 Sysiem.
923 2237 950 2265 p.
980 2230 1048 2266 776.
1364 2198 1367 2202 '

375 2264 387 2298 (
405 2274 417 2292 e
433 2264 446 2297 δ
466 2264 490 2293 Β
502 2275 518 2293 R
531 2274 548 2293 ο
563 2274 584 2293 Ν
600 2275 617 2295 z
629 2276 643 2294 ε
657 2275 677 2295 R
699 2267 727 2295 in
748 2266 846 2296 libello
870 2269 902 2296 de
917 2269 1006 2297 calido
1029 2271 1130 2298 innato
1146 2268 1361 2305 &principatu
1379 2270 1476 2305 jecoris
1489 2290 1497 2304 ‚
1525 2266 1552 2298 R
1567 2276 1586 2297 Η
1605 2277 1622 2296 ο
1634 2277 1652 2297 n
1667 2277 1676 2296 ι
1689 2277 1701 2297 1
1719 2261 1856 2303 Mantiffi
1887 2275 1918 2293 a-

333 2301 573 2382 zzsstolgssirzzbss
584 2316 680 2382 5711)ss
696 2316 718 2336 N
738 2306 850 2346 dzscors.
869 2315 950 2339 anat.
978 2308 1012 2339 T.
1041 2310 1061 2340 I.
1093 2319 1121 2340 n.
1148 2319 1175 2348 ς.
1205 2319 1234 2347 p.
1263 2319 1309 2348 59.
1336 2309 1355 2340 P
1368 2318 1451 2367 own
1466 2319 1485 2340 R
1509 2307 1562 2350 obs:
1589 2305 1713 2349 micrql‘c.
1736 2306 1772 2339 11.
1804 2306 1825 2338 R
1839 2318 1854 2337 1-
1870 2317 1887 2335 Λ
1903 2314 1916 2335 Β

375 2367 454 2421 (f)
477 2367 698 2424 Sp‘lan'chnolbgie
720 2387 755 2418 T.
776 2388 801 2421 11
821 2398 848 2428 p.
875 2394 921 2424 28.

373 2425 450 2463 (g)
472 2425 489 2455 l.
517 2436 541 2457 c.
569 2436 595 2464 p.
625 2435 666 2459 13.

375 2466 420 2502 (b
440 2467 453 2504 )
475 2476 503 2505 p.
533 2477 577 2498 ιι.
604 2476 648 2499 12·
