<?xml version="1.0" encoding="UTF-8"?>
<!DOCTYPE html PUBLIC "-//W3C//DTD XHTML 1.0 Transitional//EN"
    "http://www.w3.org/TR/xhtml1/DTD/xhtml1-transitional.dtd">
<html xmlns="http://www.w3.org/1999/xhtml" xml:lang="en" lang="en">
 <head>
  <title>
</title>
<meta http-equiv="Content-Type" content="text/html;charset=utf-8" />
  <meta name='ocr-system' content='tesseract 3.04.00' />
  <meta name='ocr-capabilities' content='ocr_page ocr_carea ocr_par ocr_line ocrx_word'/>
</head>
<body>
  <div class='ocr_page' id='page_1' title='image "./elementaphysiolo01hall_0337.png"; bbox 0 0 2003 2748; ppageno 0'>
   <div class='ocr_carea' id='block_1_1' title="bbox 354 132 1659 180">
    <p class='ocr_par' dir='ltr' id='par_1_1' title="bbox 354 132 1659 180">
     <span class='ocr_line' id='line_1_1' title="bbox 354 132 1659 180; baseline -0.005 -2"><span class='ocrx_word' id='word_1_1' title='bbox 354 133 648 180; x_wconf 75' lang='lat' dir='ltr'><em>SECT.IL</em></span> <span class='ocrx_word' id='word_1_2' title='bbox 687 132 1374 176; x_wconf 73' lang='lat' dir='ltr'>CORDISAURICULAE</span> <span class='ocrx_word' id='word_1_3' title='bbox 1573 139 1659 180; x_wconf 58' lang='lat'>311¹,</span> 
     </span>
    </p>
   </div>
   <div class='ocr_carea' id='block_1_2' title="bbox 48 227 1655 2188">
    <p class='ocr_par' dir='ltr' id='par_1_2' title="bbox 50 227 1653 402">
     <span class='ocr_line' id='line_1_2' title="bbox 50 227 1652 281; baseline -0.004 -5"><span class='ocrx_word' id='word_1_4' title='bbox 50 239 190 276; x_wconf 90' lang='lat' dir='ltr'>bonam</span> <span class='ocrx_word' id='word_1_5' title='bbox 223 238 369 274; x_wconf 87' lang='lat' dir='ltr'>iconem</span> <span class='ocrx_word' id='word_1_6' title='bbox 400 235 580 273; x_wconf 87' lang='lat' dir='ltr'>dederunt</span> <span class='ocrx_word' id='word_1_7' title='bbox 614 234 911 272; x_wconf 71' lang='lat' dir='ltr'>Ruvscuxus</span> <span class='ocrx_word' id='word_1_8' title='bbox 940 232 1024 278; x_wconf 78' lang='grc' dir='ltr'>(ο)</span> <span class='ocrx_word' id='word_1_9' title='bbox 1055 233 1091 269; x_wconf 88' lang='lat'>&amp;</span> <span class='ocrx_word' id='word_1_10' title='bbox 1116 230 1167 268; x_wconf 89' lang='lat' dir='ltr'>lll.</span> <span class='ocrx_word' id='word_1_11' title='bbox 1204 230 1362 270; x_wconf 72' lang='lat' dir='ltr'>SENAC</span> <span class='ocrx_word' id='word_1_12' title='bbox 1395 227 1509 281; x_wconf 85' lang='lat' dir='ltr'>(p),</span> <span class='ocrx_word' id='word_1_13' title='bbox 1543 232 1652 271; x_wconf 88' lang='lat' dir='ltr'>nimis</span> 
     </span>
     <span class='ocr_line' id='line_1_3' title="bbox 53 290 1653 347; baseline -0.003 -12"><span class='ocrx_word' id='word_1_14' title='bbox 53 298 175 347; x_wconf 87' lang='lat' dir='ltr'>potius</span> <span class='ocrx_word' id='word_1_15' title='bbox 197 296 377 345; x_wconf 79' lang='lat' dir='ltr'>regulares</span> <span class='ocrx_word' id='word_1_16' title='bbox 400 295 592 332; x_wconf 84' lang='lat' dir='ltr'>delineavit</span> <span class='ocrx_word' id='word_1_17' title='bbox 616 293 760 332; x_wconf 69' lang='lat' dir='ltr'>Lown</span> <span class='ocrx_word' id='word_1_18' title='bbox 777 304 834 329; x_wconf 69' lang='lat' dir='ltr'>nu</span> <span class='ocrx_word' id='word_1_19' title='bbox 848 304 862 328; x_wconf 90' lang='lat' dir='ltr'>s</span> <span class='ocrx_word' id='word_1_20' title='bbox 893 293 942 339; x_wconf 85' lang='lat' dir='ltr'>(q</span> <span class='ocrx_word' id='word_1_21' title='bbox 957 291 973 338; x_wconf 85' lang='lat'><em>)</em></span> <span class='ocrx_word' id='word_1_22' title='bbox 987 319 997 333; x_wconf 90' lang='lat'>‚</span> <span class='ocrx_word' id='word_1_23' title='bbox 1031 290 1209 340; x_wconf 85' lang='lat' dir='ltr'>nimisque</span> <span class='ocrx_word' id='word_1_24' title='bbox 1240 290 1400 330; x_wconf 86' lang='lat' dir='ltr'>rotunde</span> <span class='ocrx_word' id='word_1_25' title='bbox 1423 292 1653 338; x_wconf 60' lang='lat' dir='ltr'>[raymundus</span> 
     </span>
     <span class='ocr_line' id='line_1_4' title="bbox 52 356 439 402; baseline -0.01 -7"><span class='ocrx_word' id='word_1_26' title='bbox 52 356 314 395; x_wconf 59' lang='lat' dir='ltr'>Vnusffls</span> <span class='ocrx_word' id='word_1_27' title='bbox 349 356 439 402; x_wconf 88' lang='lat' dir='ltr'>(r).</span> 
     </span>
    </p>

    <p class='ocr_par' dir='ltr' id='par_1_3' title="bbox 51 410 1655 818">
     <span class='ocr_line' id='line_1_5' title="bbox 113 410 1655 456; baseline -0.003 -2"><span class='ocrx_word' id='word_1_28' title='bbox 113 416 259 454; x_wconf 88' lang='lat' dir='ltr'>Horum</span> <span class='ocrx_word' id='word_1_29' title='bbox 291 415 508 452; x_wconf 85' lang='lat' dir='ltr'>lacertorum</span> <span class='ocrx_word' id='word_1_30' title='bbox 542 413 616 450; x_wconf 92' lang='lat' dir='ltr'>duo</span> <span class='ocrx_word' id='word_1_31' title='bbox 638 411 725 449; x_wconf 88' lang='lat' dir='ltr'>fines</span> <span class='ocrx_word' id='word_1_32' title='bbox 746 410 850 456; x_wconf 82' lang='lat' dir='ltr'>sunt3</span> <span class='ocrx_word' id='word_1_33' title='bbox 881 410 969 448; x_wconf 89' lang='lat' dir='ltr'>alter</span> <span class='ocrx_word' id='word_1_34' title='bbox 993 411 1171 452; x_wconf 84' lang='lat' dir='ltr'>anterior,</span> <span class='ocrx_word' id='word_1_35' title='bbox 1215 412 1266 448; x_wconf 84' lang='lat' dir='ltr'>est</span> <span class='ocrx_word' id='word_1_36' title='bbox 1307 413 1344 448; x_wconf 93' lang='lat' dir='ltr'>in</span> <span class='ocrx_word' id='word_1_37' title='bbox 1371 410 1538 449; x_wconf 77' lang='lat' dir='ltr'>auriculae</span> <span class='ocrx_word' id='word_1_38' title='bbox 1568 423 1655 450; x_wconf 86' lang='lat' dir='ltr'>cum</span> 
     </span>
     <span class='ocr_line' id='line_1_6' title="bbox 52 469 1653 522; baseline -0.003 -8"><span class='ocrx_word' id='word_1_39' title='bbox 52 474 444 522; x_wconf 63' lang='lat' dir='ltr'>corde‚conjunc“tione</span> <span class='ocrx_word' id='word_1_40' title='bbox 470 475 532 520; x_wconf 88' lang='lat' dir='ltr'>(s)</span> <span class='ocrx_word' id='word_1_41' title='bbox 549 500 558 514; x_wconf 91' lang='lat'>‚</span> <span class='ocrx_word' id='word_1_42' title='bbox 590 472 653 509; x_wconf 90' lang='lat' dir='ltr'>ubi</span> <span class='ocrx_word' id='word_1_43' title='bbox 674 473 712 508; x_wconf 91' lang='lat' dir='ltr'>in</span> <span class='ocrx_word' id='word_1_44' title='bbox 729 470 845 508; x_wconf 83' lang='lat' dir='ltr'>albam</span> <span class='ocrx_word' id='word_1_45' title='bbox 871 470 1078 507; x_wconf 85' lang='lat' dir='ltr'>cellulosam</span> <span class='ocrx_word' id='word_1_46' title='bbox 1099 469 1208 507; x_wconf 88' lang='lat' dir='ltr'>telam</span> <span class='ocrx_word' id='word_1_47' title='bbox 1235 471 1312 518; x_wconf 73' lang='lat' dir='ltr'>(t)</span> <span class='ocrx_word' id='word_1_48' title='bbox 1342 470 1532 513; x_wconf 76' lang='lat' dir='ltr'>desinunt,</span> <span class='ocrx_word' id='word_1_49' title='bbox 1572 484 1653 521; x_wconf 81' lang='lat' dir='ltr'>quae</span> 
     </span>
     <span class='ocr_line' id='line_1_7' title="bbox 53 528 1651 574; baseline -0.004 0"><span class='ocrx_word' id='word_1_50' title='bbox 53 537 227 574; x_wconf 80' lang='lat' dir='ltr'>auriculas</span> <span class='ocrx_word' id='word_1_51' title='bbox 255 533 298 570; x_wconf 87' lang='lat' dir='ltr'>ad</span> <span class='ocrx_word' id='word_1_52' title='bbox 321 544 385 569; x_wconf 93' lang='lat' dir='ltr'>cor</span> <span class='ocrx_word' id='word_1_53' title='bbox 409 532 572 568; x_wconf 80' lang='lat' dir='ltr'><strong>revincit.</strong></span> <span class='ocrx_word' id='word_1_54' title='bbox 609 530 660 568; x_wconf 89' lang='lat' dir='ltr'>lta</span> <span class='ocrx_word' id='word_1_55' title='bbox 686 530 749 572; x_wconf 86' lang='lat' dir='ltr'>fit,</span> <span class='ocrx_word' id='word_1_56' title='bbox 787 539 825 567; x_wconf 93' lang='lat' dir='ltr'>ut</span> <span class='ocrx_word' id='word_1_57' title='bbox 858 529 1015 567; x_wconf 79' lang='lat' dir='ltr'>auricula</span> <span class='ocrx_word' id='word_1_58' title='bbox 1049 542 1068 566; x_wconf 91' lang='lat' dir='ltr'>a</span> <span class='ocrx_word' id='word_1_59' title='bbox 1095 528 1207 566; x_wconf 87' lang='lat' dir='ltr'>corde</span> <span class='ocrx_word' id='word_1_60' title='bbox 1224 558 1233 572; x_wconf 91' lang='lat'>,</span> <span class='ocrx_word' id='word_1_61' title='bbox 1275 528 1379 567; x_wconf 88' lang='lat' dir='ltr'>nullo</span> <span class='ocrx_word' id='word_1_62' title='bbox 1412 530 1545 567; x_wconf 85' lang='lat' dir='ltr'>lacerto</span> <span class='ocrx_word' id='word_1_63' title='bbox 1571 533 1651 568; x_wconf 89' lang='lat' dir='ltr'>vio-</span> 
     </span>
     <span class='ocr_line' id='line_1_8' title="bbox 52 586 1649 642; baseline -0.003 -9"><span class='ocrx_word' id='word_1_64' title='bbox 52 595 152 638; x_wconf 86' lang='lat' dir='ltr'>lato,</span> <span class='ocrx_word' id='word_1_65' title='bbox 185 586 338 642; x_wconf 42' lang='lat' dir='ltr'>*separari</span> <span class='ocrx_word' id='word_1_66' title='bbox 360 590 473 640; x_wconf 83' lang='lat' dir='ltr'>possit.</span> <span class='ocrx_word' id='word_1_67' title='bbox 512 590 570 627; x_wconf 91' lang='lat' dir='ltr'>De</span> <span class='ocrx_word' id='word_1_68' title='bbox 595 601 640 627; x_wconf 92' lang='lat' dir='ltr'>eo</span> <span class='ocrx_word' id='word_1_69' title='bbox 666 589 781 626; x_wconf 89' lang='lat' dir='ltr'>limite</span> <span class='ocrx_word' id='word_1_70' title='bbox 805 589 889 626; x_wconf 87' lang='lat' dir='ltr'>alibi</span> <span class='ocrx_word' id='word_1_71' title='bbox 910 589 1030 627; x_wconf 78' lang='lat' dir='ltr'>dicere</span> <span class='ocrx_word' id='word_1_72' title='bbox 1059 596 1217 638; x_wconf 85' lang='lat' dir='ltr'>oportet.</span> <span class='ocrx_word' id='word_1_73' title='bbox 1259 588 1441 627; x_wconf 85' lang='lat' dir='ltr'>Posterior</span> <span class='ocrx_word' id='word_1_74' title='bbox 1472 592 1649 628; x_wconf 87' lang='lat' dir='ltr'>terminus</span> 
     </span>
     <span class='ocr_line' id='line_1_9' title="bbox 53 647 1649 701; baseline -0.003 -9"><span class='ocrx_word' id='word_1_75' title='bbox 53 655 103 692; x_wconf 91' lang='lat' dir='ltr'>est</span> <span class='ocrx_word' id='word_1_76' title='bbox 122 655 159 690; x_wconf 87' lang='lat' dir='ltr'>in</span> <span class='ocrx_word' id='word_1_77' title='bbox 186 653 257 690; x_wconf 89' lang='lat' dir='ltr'>levi</span> <span class='ocrx_word' id='word_1_78' title='bbox 280 659 379 701; x_wconf 87' lang='lat' dir='ltr'>parte</span> <span class='ocrx_word' id='word_1_79' title='bbox 399 647 564 688; x_wconf 83' lang='lat' dir='ltr'>auriculae</span> <span class='ocrx_word' id='word_1_80' title='bbox 580 677 590 692; x_wconf 83' lang='grc'>,</span> <span class='ocrx_word' id='word_1_81' title='bbox 627 661 706 699; x_wconf 86' lang='lat' dir='ltr'>quae</span> <span class='ocrx_word' id='word_1_82' title='bbox 733 648 828 687; x_wconf 85' lang='lat' dir='ltr'>finus</span> <span class='ocrx_word' id='word_1_83' title='bbox 850 649 981 687; x_wconf 86' lang='lat' dir='ltr'>dicitur</span> <span class='ocrx_word' id='word_1_84' title='bbox 999 678 1008 693; x_wconf 92' lang='lat'>,</span> <span class='ocrx_word' id='word_1_85' title='bbox 1049 651 1085 686; x_wconf 72' lang='grc' dir='ltr'>ἂ</span> <span class='ocrx_word' id='word_1_86' title='bbox 1105 650 1143 685; x_wconf 92' lang='lat' dir='ltr'>in</span> <span class='ocrx_word' id='word_1_87' title='bbox 1168 647 1267 697; x_wconf 86' lang='lat' dir='ltr'>septo</span> <span class='ocrx_word' id='word_1_88' title='bbox 1296 649 1449 686; x_wconf 88' lang='lat' dir='ltr'>duarum</span> <span class='ocrx_word' id='word_1_89' title='bbox 1475 650 1649 687; x_wconf 77' lang='lat' dir='ltr'>auricula-</span> 
     </span>
     <span class='ocr_line' id='line_1_10' title="bbox 51 708 1648 761; baseline -0.002 -11"><span class='ocrx_word' id='word_1_90' title='bbox 51 725 132 751; x_wconf 87' lang='lat' dir='ltr'>rum</span> <span class='ocrx_word' id='word_1_91' title='bbox 150 742 159 756; x_wconf 88' lang='lat'>‚</span> <span class='ocrx_word' id='word_1_92' title='bbox 197 724 266 761; x_wconf 87' lang='lat' dir='ltr'>qua</span> <span class='ocrx_word' id='word_1_93' title='bbox 287 710 368 748; x_wconf 89' lang='lat' dir='ltr'>sede</span> <span class='ocrx_word' id='word_1_94' title='bbox 395 710 522 759; x_wconf 80' lang='lat' dir='ltr'>aliquae</span> <span class='ocrx_word' id='word_1_95' title='bbox 546 708 643 746; x_wconf 65' lang='lat' dir='ltr'>fibrae</span> <span class='ocrx_word' id='word_1_96' title='bbox 674 708 792 746; x_wconf 80' lang='lat' dir='ltr'>dextri</span> <span class='ocrx_word' id='word_1_97' title='bbox 816 710 896 746; x_wconf 90' lang='lat' dir='ltr'>atrii</span> <span class='ocrx_word' id='word_1_98' title='bbox 923 710 961 745; x_wconf 94' lang='lat' dir='ltr'>in</span> <span class='ocrx_word' id='word_1_99' title='bbox 998 708 1102 746; x_wconf 84' lang='lat' dir='ltr'>fibras</span> <span class='ocrx_word' id='word_1_100' title='bbox 1133 720 1276 746; x_wconf 85' lang='lat' dir='ltr'>carneas</span> <span class='ocrx_word' id='word_1_101' title='bbox 1308 708 1451 746; x_wconf 81' lang='lat' dir='ltr'>finistrae</span> <span class='ocrx_word' id='word_1_102' title='bbox 1480 709 1648 747; x_wconf 84' lang='lat' dir='ltr'>auriculae</span> 
     </span>
     <span class='ocr_line' id='line_1_11' title="bbox 51 767 436 818; baseline -0.016 -7"><span class='ocrx_word' id='word_1_103' title='bbox 51 774 314 811; x_wconf 83' lang='lat' dir='ltr'>continuantur</span> <span class='ocrx_word' id='word_1_104' title='bbox 343 770 394 811; x_wconf 84' lang='lat' dir='ltr'>(u</span> <span class='ocrx_word' id='word_1_105' title='bbox 411 767 436 818; x_wconf 88' lang='lat'>).</span> 
     </span>
    </p>

    <p class='ocr_par' dir='ltr' id='par_1_4' title="bbox 50 828 1653 1116">
     <span class='ocr_line' id='line_1_12' title="bbox 80 828 1653 881; baseline -0.002 -12"><span class='ocrx_word' id='word_1_106' title='bbox 80 831 234 881; x_wconf 86' lang='lat' dir='ltr'>Reliqua</span> <span class='ocrx_word' id='word_1_107' title='bbox 250 841 379 868; x_wconf 90' lang='lat' dir='ltr'>eorum</span> <span class='ocrx_word' id='word_1_108' title='bbox 391 828 608 877; x_wconf 84' lang='lat' dir='ltr'>lacertorum</span> <span class='ocrx_word' id='word_1_109' title='bbox 623 828 821 877; x_wconf 84' lang='lat' dir='ltr'>longitudo</span> <span class='ocrx_word' id='word_1_110' title='bbox 835 840 958 867; x_wconf 88' lang='lat' dir='ltr'>arcum</span> <span class='ocrx_word' id='word_1_111' title='bbox 972 828 1151 872; x_wconf 86' lang='lat' dir='ltr'>describit,</span> <span class='ocrx_word' id='word_1_112' title='bbox 1174 829 1247 866; x_wconf 89' lang='lat' dir='ltr'>fere</span> <span class='ocrx_word' id='word_1_113' title='bbox 1259 828 1413 865; x_wconf 80' lang='lat' dir='ltr'>dim-idio</span> <span class='ocrx_word' id='word_1_114' title='bbox 1426 828 1564 866; x_wconf 88' lang='lat' dir='ltr'>circulo</span> <span class='ocrx_word' id='word_1_115' title='bbox 1581 831 1653 866; x_wconf 75' lang='lat' dir='ltr'>mi-&#39;</span> 
     </span>
     <span class='ocr_line' id='line_1_13' title="bbox 51 887 1648 939; baseline -0.003 -10"><span class='ocrx_word' id='word_1_116' title='bbox 51 904 191 930; x_wconf 89' lang='lat' dir='ltr'>norem.</span> <span class='ocrx_word' id='word_1_117' title='bbox 213 890 308 929; x_wconf 89' lang='lat' dir='ltr'>Cum</span> <span class='ocrx_word' id='word_1_118' title='bbox 321 896 490 939; x_wconf 84' lang='lat' dir='ltr'>praeterea</span> <span class='ocrx_word' id='word_1_119' title='bbox 501 888 560 926; x_wconf 86' lang='lat' dir='ltr'>alii</span> <span class='ocrx_word' id='word_1_120' title='bbox 577 888 651 925; x_wconf 83' lang='lat' dir='ltr'>aliis</span> <span class='ocrx_word' id='word_1_121' title='bbox 661 888 849 936; x_wconf 85' lang='lat' dir='ltr'>longiores</span> <span class='ocrx_word' id='word_1_122' title='bbox 862 887 929 925; x_wconf 83' lang='lat' dir='ltr'>sint</span> <span class='ocrx_word' id='word_1_123' title='bbox 947 916 955 930; x_wconf 93' lang='lat'>‚</span> <span class='ocrx_word' id='word_1_124' title='bbox 976 895 1074 926; x_wconf 88' lang='lat' dir='ltr'>totus</span> <span class='ocrx_word' id='word_1_125' title='bbox 1087 890 1243 926; x_wconf 80' lang='lat' dir='ltr'>ambitus</span> <span class='ocrx_word' id='word_1_126' title='bbox 1261 895 1445 925; x_wconf 87' lang='lat' dir='ltr'>extremus</span> <span class='ocrx_word' id='word_1_127' title='bbox 1464 888 1500 924; x_wconf 67' lang='grc' dir='ltr'>ἃ</span> <span class='ocrx_word' id='word_1_128' title='bbox 1518 887 1648 925; x_wconf 78' lang='lat' dir='ltr'>dexter:</span> 
     </span>
     <span class='ocr_line' id='line_1_14' title="bbox 51 947 1650 999; baseline -0.002 -10"><span class='ocrx_word' id='word_1_129' title='bbox 51 950 219 990; x_wconf 80' lang='lat' dir='ltr'>auriculae</span> <span class='ocrx_word' id='word_1_130' title='bbox 234 979 243 992; x_wconf 92' lang='lat'>,</span> <span class='ocrx_word' id='word_1_131' title='bbox 278 957 432 999; x_wconf 88' lang='lat' dir='ltr'>uterque</span> <span class='ocrx_word' id='word_1_132' title='bbox 458 961 545 986; x_wconf 85' lang='lat' dir='ltr'>vero</span> <span class='ocrx_word' id='word_1_133' title='bbox 563 948 771 998; x_wconf 81' lang='lat' dir='ltr'>appendicis</span> <span class='ocrx_word' id='word_1_134' title='bbox 792 955 956 985; x_wconf 79' lang='lat' dir='ltr'>crematus</span> <span class='ocrx_word' id='word_1_135' title='bbox 981 948 1152 997; x_wconf 84' lang='lat' dir='ltr'>adparet,</span> <span class='ocrx_word' id='word_1_136' title='bbox 1181 948 1302 998; x_wconf 83' lang='lat' dir='ltr'>quales</span> <span class='ocrx_word' id='word_1_137' title='bbox 1330 947 1513 996; x_wconf 83' lang='lat' dir='ltr'>gallorum</span> <span class='ocrx_word' id='word_1_138' title='bbox 1536 947 1650 986; x_wconf 75' lang='lat' dir='ltr'>cristae</span> 
     </span>
     <span class='ocr_line' id='line_1_15' title="bbox 51 1007 1650 1057; baseline -0.003 -8"><span class='ocrx_word' id='word_1_139' title='bbox 51 1011 144 1053; x_wconf 83' lang='lat' dir='ltr'>sunt,</span> <span class='ocrx_word' id='word_1_140' title='bbox 164 1022 249 1048; x_wconf 88' lang='lat' dir='ltr'>cum</span> <span class='ocrx_word' id='word_1_141' title='bbox 260 1009 409 1057; x_wconf 85' lang='lat' dir='ltr'>longior</span> <span class='ocrx_word' id='word_1_142' title='bbox 423 1008 665 1046; x_wconf 86' lang='lat' dir='ltr'>semicirculus</span> <span class='ocrx_word' id='word_1_143' title='bbox 677 1007 824 1044; x_wconf 88' lang='lat' dir='ltr'>dentem</span> <span class='ocrx_word' id='word_1_144' title='bbox 837 1009 1071 1051; x_wconf 85' lang='lat' dir='ltr'>eminentem,</span> <span class='ocrx_word' id='word_1_145' title='bbox 1093 1010 1234 1045; x_wconf 84' lang='lat' dir='ltr'>vicinus</span> <span class='ocrx_word' id='word_1_146' title='bbox 1246 1007 1332 1044; x_wconf 87' lang='lat' dir='ltr'>alter</span> <span class='ocrx_word' id='word_1_147' title='bbox 1346 1008 1380 1044; x_wconf 68' lang='grc' dir='ltr'>δι</span> <span class='ocrx_word' id='word_1_148' title='bbox 1397 1008 1543 1044; x_wconf 88' lang='lat' dir='ltr'>brevior</span> <span class='ocrx_word' id='word_1_149' title='bbox 1555 1007 1650 1045; x_wconf 64' lang='lat' dir='ltr'>duo«</span> 
     </span>
     <span class='ocr_line' id='line_1_16' title="bbox 50 1066 1645 1116; baseline -0.001 -9"><span class='ocrx_word' id='word_1_150' title='bbox 50 1083 133 1108; x_wconf 87' lang='lat' dir='ltr'>rum</span> <span class='ocrx_word' id='word_1_151' title='bbox 146 1070 311 1107; x_wconf 86' lang='lat' dir='ltr'>dentium</span> <span class='ocrx_word' id='word_1_152' title='bbox 323 1067 550 1106; x_wconf 89' lang='lat' dir='ltr'>intervallum</span> <span class='ocrx_word' id='word_1_153' title='bbox 563 1066 700 1104; x_wconf 75' lang='lat' dir='ltr'>efficiat.</span> <span class='ocrx_word' id='word_1_154' title='bbox 716 1066 758 1104; x_wconf 90' lang='lat' dir='ltr'>In</span> <span class='ocrx_word' id='word_1_155' title='bbox 768 1066 964 1115; x_wconf 76' lang='lat' dir='ltr'>plenissima</span> <span class='ocrx_word' id='word_1_156' title='bbox 976 1067 1132 1105; x_wconf 79' lang='lat' dir='ltr'>auricula</span> <span class='ocrx_word' id='word_1_157' title='bbox 1143 1068 1181 1104; x_wconf 85' lang='lat' dir='ltr'>hi</span> <span class='ocrx_word' id='word_1_158' title='bbox 1192 1067 1317 1104; x_wconf 87' lang='lat' dir='ltr'>dentes</span> <span class='ocrx_word' id='word_1_159' title='bbox 1328 1068 1449 1104; x_wconf 86' lang='lat' dir='ltr'>minus</span> <span class='ocrx_word' id='word_1_160' title='bbox 1461 1067 1645 1116; x_wconf 81' lang='lat' dir='ltr'>adparent.</span> 
     </span>
    </p>

    <p class='ocr_par' dir='ltr' id='par_1_5' title="bbox 51 1126 1648 1475">
     <span class='ocr_line' id='line_1_17' title="bbox 110 1126 1648 1178; baseline -0.002 -12"><span class='ocrx_word' id='word_1_161' title='bbox 110 1129 153 1166; x_wconf 91' lang='lat' dir='ltr'>In</span> <span class='ocrx_word' id='word_1_162' title='bbox 181 1127 380 1178; x_wconf 82' lang='lat' dir='ltr'>appendice</span> <span class='ocrx_word' id='word_1_163' title='bbox 405 1127 571 1165; x_wconf 79' lang='lat' dir='ltr'>auriculae</span> <span class='ocrx_word' id='word_1_164' title='bbox 594 1127 704 1164; x_wconf 86' lang='lat' dir='ltr'>iidem</span> <span class='ocrx_word' id='word_1_165' title='bbox 729 1127 851 1163; x_wconf 83' lang='lat' dir='ltr'>lacerti</span> <span class='ocrx_word' id='word_1_166' title='bbox 885 1127 1061 1173; x_wconf 83' lang='lat' dir='ltr'>majorem</span> <span class='ocrx_word' id='word_1_167' title='bbox 1087 1135 1227 1176; x_wconf 85' lang='lat' dir='ltr'>partem</span> <span class='ocrx_word' id='word_1_168' title='bbox 1254 1126 1379 1164; x_wconf 75' lang='lat' dir='ltr'>clrculi</span> <span class='ocrx_word' id='word_1_169' title='bbox 1396 1126 1454 1164; x_wconf 84' lang='lat' dir='ltr'>sua</span> <span class='ocrx_word' id='word_1_170' title='bbox 1472 1127 1648 1175; x_wconf 60' lang='lat' dir='ltr'>longitu-</span> 
     </span>
     <span class='ocr_line' id='line_1_18' title="bbox 52 1186 1647 1236; baseline -0.001 -11"><span class='ocrx_word' id='word_1_171' title='bbox 52 1188 137 1226; x_wconf 84' lang='lat' dir='ltr'>dine</span> <span class='ocrx_word' id='word_1_172' title='bbox 165 1190 223 1236; x_wconf 88' lang='lat' dir='ltr'>(x</span> <span class='ocrx_word' id='word_1_173' title='bbox 241 1189 260 1234; x_wconf 89' lang='lat'>)</span> <span class='ocrx_word' id='word_1_174' title='bbox 284 1187 513 1230; x_wconf 85' lang='lat' dir='ltr'>describunt,</span> <span class='ocrx_word' id='word_1_175' title='bbox 556 1187 593 1223; x_wconf 63' lang='grc' dir='ltr'>ὃς</span> <span class='ocrx_word' id='word_1_176' title='bbox 625 1186 668 1223; x_wconf 92' lang='lat' dir='ltr'>ad</span> <span class='ocrx_word' id='word_1_177' title='bbox 686 1194 755 1223; x_wconf 90' lang='lat' dir='ltr'>tres</span> <span class='ocrx_word' id='word_1_178' title='bbox 775 1186 849 1223; x_wconf 86' lang='lat' dir='ltr'>fere</span> <span class='ocrx_word' id='word_1_179' title='bbox 869 1187 1023 1232; x_wconf 88' lang='lat' dir='ltr'>majores</span> <span class='ocrx_word' id='word_1_180' title='bbox 1043 1186 1228 1225; x_wconf 76' lang='lat' dir='ltr'>fiisciculos</span> <span class='ocrx_word' id='word_1_181' title='bbox 1248 1188 1454 1235; x_wconf 88' lang='lat' dir='ltr'>pertinent,</span> <span class='ocrx_word' id='word_1_182' title='bbox 1490 1188 1647 1223; x_wconf 83' lang='lat' dir='ltr'>anterio-</span> 
     </span>
     <span class='ocr_line' id='line_1_19' title="bbox 54 1245 1646 1297; baseline -0.003 -11"><span class='ocrx_word' id='word_1_183' title='bbox 54 1260 152 1290; x_wconf 88' lang='lat' dir='ltr'>rem,</span> <span class='ocrx_word' id='word_1_184' title='bbox 176 1246 412 1297; x_wconf 89' lang='lat' dir='ltr'>posteriorem</span> <span class='ocrx_word' id='word_1_185' title='bbox 428 1275 437 1289; x_wconf 91' lang='lat'>,</span> <span class='ocrx_word' id='word_1_186' title='bbox 461 1247 497 1284; x_wconf 58' lang='grc' dir='ltr'>ὃς</span> <span class='ocrx_word' id='word_1_187' title='bbox 517 1245 726 1283; x_wconf 90' lang='lat' dir='ltr'>inferiorem</span> <span class='ocrx_word' id='word_1_188' title='bbox 740 1273 750 1288; x_wconf 86' lang='lat'>,</span> <span class='ocrx_word' id='word_1_189' title='bbox 775 1247 839 1294; x_wconf 87' lang='lat' dir='ltr'>qui</span> <span class='ocrx_word' id='word_1_190' title='bbox 861 1246 904 1282; x_wconf 92' lang='lat' dir='ltr'>ab</span> <span class='ocrx_word' id='word_1_191' title='bbox 922 1245 1079 1283; x_wconf 85' lang='lat' dir='ltr'>auricula</span> <span class='ocrx_word' id='word_1_192' title='bbox 1094 1246 1332 1295; x_wconf 83' lang='lat' dir='ltr'>appendicem</span> <span class='ocrx_word' id='word_1_193' title='bbox 1349 1245 1491 1295; x_wconf 85' lang='lat' dir='ltr'>separat.</span> <span class='ocrx_word' id='word_1_194' title='bbox 1528 1245 1646 1283; x_wconf 88' lang='lat' dir='ltr'>Iidem</span> 
     </span>
     <span class='ocr_line' id='line_1_20' title="bbox 51 1305 1647 1359; baseline -0.003 -13"><span class='ocrx_word' id='word_1_195' title='bbox 51 1307 204 1346; x_wconf 88' lang='lat' dir='ltr'>musculi</span> <span class='ocrx_word' id='word_1_196' title='bbox 230 1305 293 1344; x_wconf 85' lang='lat' dir='ltr'>fibi</span> <span class='ocrx_word' id='word_1_197' title='bbox 319 1308 548 1359; x_wconf 80' lang='lat' dir='ltr'>inponuntur</span> <span class='ocrx_word' id='word_1_198' title='bbox 564 1334 572 1348; x_wconf 92' lang='lat'>‚</span> <span class='ocrx_word' id='word_1_199' title='bbox 611 1317 731 1354; x_wconf 89' lang='lat' dir='ltr'>neque</span> <span class='ocrx_word' id='word_1_200' title='bbox 750 1306 825 1352; x_wconf 90' lang='lat' dir='ltr'>ejus</span> <span class='ocrx_word' id='word_1_201' title='bbox 846 1305 1054 1355; x_wconf 85' lang='lat' dir='ltr'>appendicis</span> <span class='ocrx_word' id='word_1_202' title='bbox 1080 1318 1185 1343; x_wconf 87' lang='lat' dir='ltr'>cavea</span> <span class='ocrx_word' id='word_1_203' title='bbox 1214 1306 1467 1348; x_wconf 86' lang='lat' dir='ltr'>continuatur,</span> <span class='ocrx_word' id='word_1_204' title='bbox 1502 1305 1561 1342; x_wconf 88' lang='lat' dir='ltr'>sed</span> <span class='ocrx_word' id='word_1_205' title='bbox 1580 1316 1647 1354; x_wconf 81' lang='lat' dir='ltr'>pei:</span> 
     </span>
     <span class='ocr_line' id='line_1_21' title="bbox 52 1364 1646 1417; baseline 0 -12"><span class='ocrx_word' id='word_1_206' title='bbox 52 1380 109 1405; x_wconf 87' lang='lat' dir='ltr'>eas</span> <span class='ocrx_word' id='word_1_207' title='bbox 142 1366 239 1417; x_wconf 85' lang='lat' dir='ltr'>quafi</span> <span class='ocrx_word' id='word_1_208' title='bbox 264 1367 462 1404; x_wconf 86' lang='lat' dir='ltr'>trabeculas</span> <span class='ocrx_word' id='word_1_209' title='bbox 489 1366 675 1414; x_wconf 88' lang='lat' dir='ltr'>separatur.</span> <span class='ocrx_word' id='word_1_210' title='bbox 713 1364 810 1403; x_wconf 88' lang='lat' dir='ltr'>Cum</span> <span class='ocrx_word' id='word_1_211' title='bbox 832 1365 876 1402; x_wconf 91' lang='lat' dir='ltr'>de</span> <span class='ocrx_word' id='word_1_212' title='bbox 903 1364 1074 1403; x_wconf 87' lang='lat' dir='ltr'>industria</span> <span class='ocrx_word' id='word_1_213' title='bbox 1102 1367 1278 1404; x_wconf 88' lang='lat' dir='ltr'>minutius</span> <span class='ocrx_word' id='word_1_214' title='bbox 1307 1367 1527 1417; x_wconf 86' lang='lat' dir='ltr'>inquirerem</span> <span class='ocrx_word' id='word_1_215' title='bbox 1545 1394 1554 1409; x_wconf 90' lang='lat'>,</span> <span class='ocrx_word' id='word_1_216' title='bbox 1596 1366 1646 1405; x_wconf 71' lang='lat' dir='ltr'>ita</span> 
     </span>
     <span class='ocr_line' id='line_1_22' title="bbox 51 1425 652 1475; baseline -0.003 -12"><span class='ocrx_word' id='word_1_217' title='bbox 51 1427 86 1464; x_wconf 86' lang='lat' dir='ltr'>se</span> <span class='ocrx_word' id='word_1_218' title='bbox 110 1427 239 1464; x_wconf 90' lang='lat' dir='ltr'>habere</span> <span class='ocrx_word' id='word_1_219' title='bbox 264 1427 404 1475; x_wconf 86' lang='lat' dir='ltr'>reperi,</span> <span class='ocrx_word' id='word_1_220' title='bbox 443 1428 497 1463; x_wconf 91' lang='lat' dir='ltr'>uti</span> <span class='ocrx_word' id='word_1_221' title='bbox 525 1425 652 1462; x_wconf 86' lang='lat' dir='ltr'>dicam.</span> 
     </span>
    </p>

    <p class='ocr_par' dir='ltr' id='par_1_6' title="bbox 48 1482 1654 2004">
     <span class='ocr_line' id='line_1_23' title="bbox 111 1482 1644 1532; baseline -0.002 -9"><span class='ocrx_word' id='word_1_222' title='bbox 111 1485 214 1523; x_wconf 88' lang='lat' dir='ltr'>Prior</span> <span class='ocrx_word' id='word_1_223' title='bbox 236 1485 416 1523; x_wconf 86' lang='lat' dir='ltr'>musculus</span> <span class='ocrx_word' id='word_1_224' title='bbox 442 1497 487 1522; x_wconf 90' lang='lat' dir='ltr'>ex</span> <span class='ocrx_word' id='word_1_225' title='bbox 513 1496 575 1521; x_wconf 91' lang='lat' dir='ltr'>ora</span> <span class='ocrx_word' id='word_1_226' title='bbox 596 1497 721 1522; x_wconf 84' lang='lat' dir='ltr'>carnea</span> <span class='ocrx_word' id='word_1_227' title='bbox 746 1496 870 1521; x_wconf 88' lang='lat' dir='ltr'>aurem</span> <span class='ocrx_word' id='word_1_228' title='bbox 895 1482 1059 1522; x_wconf 82' lang='lat' dir='ltr'>dextram</span> <span class='ocrx_word' id='word_1_229' title='bbox 1084 1497 1168 1523; x_wconf 91' lang='lat' dir='ltr'>cum</span> <span class='ocrx_word' id='word_1_230' title='bbox 1196 1487 1271 1532; x_wconf 86' lang='lat' dir='ltr'>ejus</span> <span class='ocrx_word' id='word_1_231' title='bbox 1294 1485 1410 1523; x_wconf 85' lang='lat' dir='ltr'>lateris</span> <span class='ocrx_word' id='word_1_232' title='bbox 1438 1484 1644 1522; x_wconf 85' lang='lat' dir='ltr'>ventriculo</span> 
     </span>
     <span class='ocr_line' id='line_1_24' title="bbox 53 1543 1645 1593; baseline -0.002 -10"><span class='ocrx_word' id='word_1_233' title='bbox 53 1545 292 1583; x_wconf 66' lang='lat' dir='ltr'>coxineaente</span> <span class='ocrx_word' id='word_1_234' title='bbox 321 1552 422 1582; x_wconf 89' lang='lat' dir='ltr'>ortus</span> <span class='ocrx_word' id='word_1_235' title='bbox 439 1572 448 1586; x_wconf 92' lang='lat'>‚</span> <span class='ocrx_word' id='word_1_236' title='bbox 487 1546 525 1580; x_wconf 86' lang='lat' dir='ltr'>in</span> <span class='ocrx_word' id='word_1_237' title='bbox 548 1544 674 1581; x_wconf 91' lang='lat' dir='ltr'>circuli</span> <span class='ocrx_word' id='word_1_238' title='bbox 701 1543 856 1581; x_wconf 88' lang='lat' dir='ltr'>modum</span> <span class='ocrx_word' id='word_1_239' title='bbox 881 1543 1100 1587; x_wconf 85' lang='lat' dir='ltr'>ducebatur,</span> <span class='ocrx_word' id='word_1_240' title='bbox 1140 1546 1232 1583; x_wconf 90' lang='lat' dir='ltr'>circa</span> <span class='ocrx_word' id='word_1_241' title='bbox 1251 1545 1409 1582; x_wconf 86' lang='lat' dir='ltr'>radicem</span> <span class='ocrx_word' id='word_1_242' title='bbox 1434 1543 1645 1593; x_wconf 82' lang='lat' dir='ltr'>appendicis</span> 
     </span>
     <span class='ocr_line' id='line_1_25' title="bbox 52 1603 1646 1654; baseline -0.001 -12"><span class='ocrx_word' id='word_1_243' title='bbox 52 1606 294 1647; x_wconf 89' lang='lat' dir='ltr'>anteriorem,</span> <span class='ocrx_word' id='word_1_244' title='bbox 333 1605 369 1641; x_wconf 87' lang='lat'>&amp;</span> <span class='ocrx_word' id='word_1_245' title='bbox 397 1605 490 1641; x_wconf 89' lang='lat' dir='ltr'>circa</span> <span class='ocrx_word' id='word_1_246' title='bbox 516 1615 615 1640; x_wconf 88' lang='lat' dir='ltr'>oram</span> <span class='ocrx_word' id='word_1_247' title='bbox 636 1604 876 1652; x_wconf 87' lang='lat' dir='ltr'>posteriorem</span> <span class='ocrx_word' id='word_1_248' title='bbox 906 1604 1096 1646; x_wconf 78' lang='lat' dir='ltr'>auriculae,</span> <span class='ocrx_word' id='word_1_249' title='bbox 1142 1617 1221 1653; x_wconf 71' lang='lat' dir='ltr'>quae</span> <span class='ocrx_word' id='word_1_250' title='bbox 1246 1604 1385 1654; x_wconf 85' lang='lat' dir='ltr'>septum</span> <span class='ocrx_word' id='word_1_251' title='bbox 1405 1603 1646 1641; x_wconf 81' lang='lat' dir='ltr'>auricularum</span> 
     </span>
     <span class='ocr_line' id='line_1_26' title="bbox 52 1662 1642 1713; baseline -0.001 -12"><span class='ocrx_word' id='word_1_252' title='bbox 52 1663 171 1702; x_wconf 87' lang='lat' dir='ltr'>efficit.</span> <span class='ocrx_word' id='word_1_253' title='bbox 194 1662 277 1711; x_wconf 87' lang='lat' dir='ltr'>Ejus</span> <span class='ocrx_word' id='word_1_254' title='bbox 295 1662 445 1701; x_wconf 87' lang='lat' dir='ltr'>musculi</span> <span class='ocrx_word' id='word_1_255' title='bbox 459 1662 538 1700; x_wconf 87' lang='lat' dir='ltr'>finis</span> <span class='ocrx_word' id='word_1_256' title='bbox 556 1662 666 1713; x_wconf 88' lang='lat' dir='ltr'>paulo</span> <span class='ocrx_word' id='word_1_257' title='bbox 680 1662 871 1700; x_wconf 77' lang='lat' dir='ltr'>sinisterior</span> <span class='ocrx_word' id='word_1_258' title='bbox 884 1663 962 1705; x_wconf 89' lang='lat' dir='ltr'>fuit,</span> <span class='ocrx_word' id='word_1_259' title='bbox 986 1676 1094 1713; x_wconf 81' lang='lat' dir='ltr'>quam</span> <span class='ocrx_word' id='word_1_260' title='bbox 1107 1665 1156 1700; x_wconf 84' lang='lat' dir='ltr'>est</span> <span class='ocrx_word' id='word_1_261' title='bbox 1176 1663 1202 1701; x_wconf 87' lang='lat' dir='ltr'>E</span> <span class='ocrx_word' id='word_1_262' title='bbox 1216 1676 1236 1700; x_wconf 82' lang='grc' dir='ltr'>υ</span> <span class='ocrx_word' id='word_1_263' title='bbox 1253 1677 1267 1702; x_wconf 88' lang='lat' dir='ltr'>s</span> <span class='ocrx_word' id='word_1_264' title='bbox 1281 1677 1304 1701; x_wconf 89' lang='lat' dir='ltr'>T</span> <span class='ocrx_word' id='word_1_265' title='bbox 1318 1677 1340 1701; x_wconf 80' lang='lat' dir='ltr'>A</span> <span class='ocrx_word' id='word_1_266' title='bbox 1354 1677 1373 1702; x_wconf 95' lang='lat' dir='ltr'>c</span> <span class='ocrx_word' id='word_1_267' title='bbox 1387 1677 1411 1701; x_wconf 83' lang='lat' dir='ltr'>H</span> <span class='ocrx_word' id='word_1_268' title='bbox 1426 1677 1439 1700; x_wconf 91' lang='lat'>1</span> <span class='ocrx_word' id='word_1_269' title='bbox 1454 1676 1466 1700; x_wconf 84' lang='lat'>1</span> <span class='ocrx_word' id='word_1_270' title='bbox 1492 1662 1642 1700; x_wconf 83' lang='lat' dir='ltr'>valvula.</span> 
     </span>
     <span class='ocr_line' id='line_1_27' title="bbox 51 1722 1647 1773; baseline -0.002 -11"><span class='ocrx_word' id='word_1_271' title='bbox 51 1724 107 1762; x_wconf 92' lang='lat' dir='ltr'>Ab</span> <span class='ocrx_word' id='word_1_272' title='bbox 130 1723 203 1761; x_wconf 91' lang='lat' dir='ltr'>hoc</span> <span class='ocrx_word' id='word_1_273' title='bbox 224 1722 387 1761; x_wconf 88' lang='lat' dir='ltr'>musculo</span> <span class='ocrx_word' id='word_1_274' title='bbox 406 1723 583 1773; x_wconf 88' lang='lat' dir='ltr'>posterius</span> <span class='ocrx_word' id='word_1_275' title='bbox 608 1723 644 1760; x_wconf 85' lang='lat'>&amp;</span> <span class='ocrx_word' id='word_1_276' title='bbox 665 1722 848 1761; x_wconf 81' lang='lat' dir='ltr'>dexterius</span> <span class='ocrx_word' id='word_1_277' title='bbox 868 1751 878 1766; x_wconf 92' lang='lat'>‚</span> <span class='ocrx_word' id='word_1_278' title='bbox 916 1722 1049 1761; x_wconf 88' lang='lat' dir='ltr'>deinde</span> <span class='ocrx_word' id='word_1_279' title='bbox 1073 1723 1117 1761; x_wconf 90' lang='lat' dir='ltr'>de</span> <span class='ocrx_word' id='word_1_280' title='bbox 1143 1724 1255 1761; x_wconf 87' lang='lat' dir='ltr'>altero</span> <span class='ocrx_word' id='word_1_281' title='bbox 1278 1725 1352 1772; x_wconf 88' lang='lat' dir='ltr'>ejus</span> <span class='ocrx_word' id='word_1_282' title='bbox 1379 1724 1450 1762; x_wconf 84' lang='lat' dir='ltr'>fine</span> <span class='ocrx_word' id='word_1_283' title='bbox 1474 1723 1647 1761; x_wconf 73' lang='lat' dir='ltr'>anteriori.</span> 
     </span>
     <span class='ocr_line' id='line_1_28' title="bbox 52 1781 1647 1831; baseline -0.001 -11"><span class='ocrx_word' id='word_1_284' title='bbox 52 1783 90 1820; x_wconf 67' lang='grc' dir='ltr'>ὃς</span> <span class='ocrx_word' id='word_1_285' title='bbox 113 1782 251 1821; x_wconf 89' lang='lat' dir='ltr'>finistro</span> <span class='ocrx_word' id='word_1_286' title='bbox 278 1795 298 1821; x_wconf 89' lang='lat' dir='ltr'>a</span> <span class='ocrx_word' id='word_1_287' title='bbox 327 1783 464 1822; x_wconf 87' lang='lat' dir='ltr'>circulo</span> <span class='ocrx_word' id='word_1_288' title='bbox 493 1783 574 1822; x_wconf 88' lang='lat' dir='ltr'>ostii</span> <span class='ocrx_word' id='word_1_289' title='bbox 604 1783 727 1821; x_wconf 77' lang='lat' dir='ltr'>venosi</span> <span class='ocrx_word' id='word_1_290' title='bbox 757 1783 900 1825; x_wconf 84' lang='lat' dir='ltr'>dextri,</span> <span class='ocrx_word' id='word_1_291' title='bbox 942 1785 1017 1821; x_wconf 88' lang='lat' dir='ltr'>nati</span> <span class='ocrx_word' id='word_1_292' title='bbox 1036 1783 1117 1822; x_wconf 85' lang='lat' dir='ltr'>sunt</span> <span class='ocrx_word' id='word_1_293' title='bbox 1135 1784 1262 1831; x_wconf 80' lang='lat' dir='ltr'>lacerti</span> <span class='ocrx_word' id='word_1_294' title='bbox 1281 1781 1558 1822; x_wconf 82' lang='lat' dir='ltr'>semicirculares</span> <span class='ocrx_word' id='word_1_295' title='bbox 1586 1794 1647 1820; x_wconf 50' lang='lat' dir='ltr'>aua</span> 
     </span>
     <span class='ocr_line' id='line_1_29' title="bbox 48 1842 1647 1893; baseline -0.001 -13"><span class='ocrx_word' id='word_1_296' title='bbox 48 1843 180 1881; x_wconf 81' lang='lat' dir='ltr'>riculae.</span> <span class='ocrx_word' id='word_1_297' title='bbox 216 1842 331 1881; x_wconf 91' lang='lat' dir='ltr'>Porro</span> <span class='ocrx_word' id='word_1_298' title='bbox 358 1844 401 1881; x_wconf 85' lang='lat' dir='ltr'>ab</span> <span class='ocrx_word' id='word_1_299' title='bbox 433 1844 565 1882; x_wconf 89' lang='lat' dir='ltr'>eodem</span> <span class='ocrx_word' id='word_1_300' title='bbox 594 1842 758 1881; x_wconf 82' lang='lat' dir='ltr'>musculo</span> <span class='ocrx_word' id='word_1_301' title='bbox 781 1854 860 1892; x_wconf 82' lang='lat' dir='ltr'>pars</span> <span class='ocrx_word' id='word_1_302' title='bbox 890 1842 1109 1881; x_wconf 86' lang='lat' dir='ltr'>lacertorum</span> <span class='ocrx_word' id='word_1_303' title='bbox 1130 1845 1338 1893; x_wconf 88' lang='lat' dir='ltr'>appendicis</span> <span class='ocrx_word' id='word_1_304' title='bbox 1366 1844 1490 1881; x_wconf 83' lang='lat' dir='ltr'>dextra</span> <span class='ocrx_word' id='word_1_305' title='bbox 1515 1854 1647 1892; x_wconf 38' lang='lat' dir='ltr'>provess</span> 
     </span>
     <span class='ocr_line' id='line_1_30' title="bbox 51 1900 1654 1952; baseline -0.001 -13"><span class='ocrx_word' id='word_1_306' title='bbox 51 1904 136 1945; x_wconf 90' lang='lat' dir='ltr'>nit,</span> <span class='ocrx_word' id='word_1_307' title='bbox 180 1904 309 1940; x_wconf 74' lang='lat' dir='ltr'>eorum</span> <span class='ocrx_word' id='word_1_308' title='bbox 341 1915 500 1952; x_wconf 89' lang='lat' dir='ltr'>nempe,</span> <span class='ocrx_word' id='word_1_309' title='bbox 545 1906 608 1952; x_wconf 90' lang='lat' dir='ltr'>qui</span> <span class='ocrx_word' id='word_1_310' title='bbox 638 1902 876 1940; x_wconf 87' lang='lat' dir='ltr'>finistrorsum</span> <span class='ocrx_word' id='word_1_311' title='bbox 901 1902 1088 1952; x_wconf 85' lang='lat' dir='ltr'>palmatim</span> <span class='ocrx_word' id='word_1_312' title='bbox 1113 1903 1256 1952; x_wconf 82' lang='lat' dir='ltr'>dispersi</span> <span class='ocrx_word' id='word_1_313' title='bbox 1279 1932 1288 1947; x_wconf 88' lang='lat'>,</span> <span class='ocrx_word' id='word_1_314' title='bbox 1324 1904 1424 1942; x_wconf 86' lang='lat' dir='ltr'>alteri</span> <span class='ocrx_word' id='word_1_315' title='bbox 1450 1902 1554 1941; x_wconf 79' lang='lat' dir='ltr'>simili</span> <span class='ocrx_word' id='word_1_316' title='bbox 1586 1900 1654 1938; x_wconf 64' lang='lat' dir='ltr'>fast:</span> 
     </span>
     <span class='ocr_line' id='line_1_31' title="bbox 53 1960 868 2004; baseline 0 -7"><span class='ocrx_word' id='word_1_317' title='bbox 53 1960 172 1998; x_wconf 86' lang='lat' dir='ltr'>ciculo</span> <span class='ocrx_word' id='word_1_318' title='bbox 194 1961 341 1998; x_wconf 84' lang='lat' dir='ltr'>obviam</span> <span class='ocrx_word' id='word_1_319' title='bbox 371 1968 557 1999; x_wconf 88' lang='lat' dir='ltr'>venerunt.</span> <span class='ocrx_word' id='word_1_320' title='bbox 862 2002 868 2004; x_wconf 61' lang='lat'>‚</span> 
     </span>
    </p>

    <p class='ocr_par' dir='ltr' id='par_1_7' title="bbox 52 2018 1648 2188">
     <span class='ocr_line' id='line_1_32' title="bbox 111 2018 1648 2072; baseline 0.002 -16"><span class='ocrx_word' id='word_1_321' title='bbox 111 2018 145 2056; x_wconf 92' lang='lat' dir='ltr'>Is</span> <span class='ocrx_word' id='word_1_322' title='bbox 176 2020 262 2056; x_wconf 85' lang='lat' dir='ltr'>alter</span> <span class='ocrx_word' id='word_1_323' title='bbox 282 2020 469 2058; x_wconf 88' lang='lat' dir='ltr'>fasciculus</span> <span class='ocrx_word' id='word_1_324' title='bbox 497 2027 599 2057; x_wconf 89' lang='lat' dir='ltr'>natus</span> <span class='ocrx_word' id='word_1_325' title='bbox 625 2020 674 2057; x_wconf 88' lang='lat' dir='ltr'>est</span> <span class='ocrx_word' id='word_1_326' title='bbox 699 2030 745 2055; x_wconf 85' lang='lat' dir='ltr'>ex</span> <span class='ocrx_word' id='word_1_327' title='bbox 768 2020 932 2060; x_wconf 82' lang='lat' dir='ltr'>musculo</span> <span class='ocrx_word' id='word_1_328' title='bbox 960 2022 1073 2060; x_wconf 89' lang='lat' dir='ltr'>altero</span> <span class='ocrx_word' id='word_1_329' title='bbox 1104 2022 1313 2072; x_wconf 85' lang='lat' dir='ltr'>appendicis</span> <span class='ocrx_word' id='word_1_330' title='bbox 1341 2021 1474 2059; x_wconf 76' lang='lat' dir='ltr'>dextrae</span> <span class='ocrx_word' id='word_1_331' title='bbox 1505 2023 1648 2059; x_wconf 56' lang='lat' dir='ltr'>aurien-2</span> 
     </span>
     <span class='ocr_line' id='line_1_33' title="bbox 52 2078 1647 2130; baseline 0.001 -15"><span class='ocrx_word' id='word_1_332' title='bbox 52 2078 93 2115; x_wconf 85' lang='lat' dir='ltr'>1ae</span> <span class='ocrx_word' id='word_1_333' title='bbox 109 2107 118 2121; x_wconf 91' lang='lat'>,</span> <span class='ocrx_word' id='word_1_334' title='bbox 156 2086 240 2116; x_wconf 88' lang='lat' dir='ltr'>orto</span> <span class='ocrx_word' id='word_1_335' title='bbox 262 2091 308 2116; x_wconf 86' lang='lat' dir='ltr'>ex</span> <span class='ocrx_word' id='word_1_336' title='bbox 331 2087 429 2128; x_wconf 84' lang='lat' dir='ltr'>parte</span> <span class='ocrx_word' id='word_1_337' title='bbox 453 2079 628 2129; x_wconf 83' lang='lat' dir='ltr'>superiori</span> <span class='ocrx_word' id='word_1_338' title='bbox 647 2079 727 2116; x_wconf 91' lang='lat' dir='ltr'>ostii</span> <span class='ocrx_word' id='word_1_339' title='bbox 753 2079 877 2116; x_wconf 83' lang='lat' dir='ltr'>venofi</span> <span class='ocrx_word' id='word_1_340' title='bbox 901 2081 1042 2124; x_wconf 89' lang='lat' dir='ltr'>dextri,</span> <span class='ocrx_word' id='word_1_341' title='bbox 1083 2083 1120 2118; x_wconf 87' lang='lat' dir='ltr'>in</span> <span class='ocrx_word' id='word_1_342' title='bbox 1149 2082 1229 2119; x_wconf 83' lang='lat' dir='ltr'>sede</span> <span class='ocrx_word' id='word_1_343' title='bbox 1249 2083 1343 2119; x_wconf 87' lang='lat' dir='ltr'>acuti</span> <span class='ocrx_word' id='word_1_344' title='bbox 1371 2082 1542 2130; x_wconf 80' lang='lat' dir='ltr'>marginis</span> <span class='ocrx_word' id='word_1_345' title='bbox 1557 2110 1565 2123; x_wconf 92' lang='lat'>‚</span> <span class='ocrx_word' id='word_1_346' title='bbox 1609 2082 1647 2117; x_wconf 72' lang='lat' dir='ltr'>Sc</span> 
     </span>
     <span class='ocr_line' id='line_1_34' title="bbox 52 2137 1647 2188; baseline 0.001 -14"><span class='ocrx_word' id='word_1_347' title='bbox 52 2139 90 2174; x_wconf 89' lang='lat' dir='ltr'>in</span> <span class='ocrx_word' id='word_1_348' title='bbox 121 2138 359 2187; x_wconf 89' lang='lat' dir='ltr'>appendicem</span> <span class='ocrx_word' id='word_1_349' title='bbox 385 2140 491 2176; x_wconf 87' lang='lat' dir='ltr'>unice</span> <span class='ocrx_word' id='word_1_350' title='bbox 518 2139 706 2188; x_wconf 64' lang='lat' dir='ltr'>producto.</span> <span class='ocrx_word' id='word_1_351' title='bbox 743 2137 837 2175; x_wconf 85' lang='lat' dir='ltr'>Alias</span> <span class='ocrx_word' id='word_1_352' title='bbox 862 2139 958 2177; x_wconf 89' lang='lat' dir='ltr'>idem</span> <span class='ocrx_word' id='word_1_353' title='bbox 984 2140 1167 2179; x_wconf 87' lang='lat' dir='ltr'>musculus</span> <span class='ocrx_word' id='word_1_354' title='bbox 1200 2143 1305 2179; x_wconf 87' lang='lat' dir='ltr'>etiam</span> <span class='ocrx_word' id='word_1_355' title='bbox 1331 2142 1369 2183; x_wconf 84' lang='lat' dir='ltr'>in</span> <span class='ocrx_word' id='word_1_356' title='bbox 1395 2141 1591 2179; x_wconf 80' lang='lat' dir='ltr'>auriculam</span> <span class='ocrx_word' id='word_1_357' title='bbox 1607 2139 1647 2176; x_wconf 69' lang='lat' dir='ltr'>fi„</span> 
     </span>
    </p>
   </div>
   <div class='ocr_carea' id='block_1_3' title="bbox 53 2197 1648 2504">
    <p class='ocr_par' dir='ltr' id='par_1_8' title="bbox 53 2197 1648 2504">
     <span class='ocr_line' id='line_1_35' title="bbox 53 2197 1648 2248; baseline 0.002 -15"><span class='ocrx_word' id='word_1_358' title='bbox 53 2197 132 2234; x_wconf 87' lang='lat' dir='ltr'>bras</span> <span class='ocrx_word' id='word_1_359' title='bbox 156 2197 231 2235; x_wconf 88' lang='lat' dir='ltr'>suas</span> <span class='ocrx_word' id='word_1_360' title='bbox 250 2198 296 2235; x_wconf 89' lang='lat' dir='ltr'>ad</span> <span class='ocrx_word' id='word_1_361' title='bbox 321 2198 506 2237; x_wconf 86' lang='lat' dir='ltr'>radiorum</span> <span class='ocrx_word' id='word_1_362' title='bbox 532 2197 689 2247; x_wconf 83' lang='lat' dir='ltr'>effigiem</span> <span class='ocrx_word' id='word_1_363' title='bbox 715 2197 855 2248; x_wconf 85' lang='lat' dir='ltr'>spargit.</span> <span class='ocrx_word' id='word_1_364' title='bbox 1557 2200 1648 2238; x_wconf 86' lang='lat' dir='ltr'>Ter-</span> 
     </span>
     <span class='ocr_line' id='line_1_36' title="bbox 95 2292 1648 2333; baseline 0.002 -10"><span class='ocrx_word' id='word_1_365' title='bbox 95 2292 169 2330; x_wconf 81' lang='grc' dir='ltr'>(ο)</span> <span class='ocrx_word' id='word_1_366' title='bbox 193 2293 272 2333; x_wconf 76' lang='lat' dir='ltr'>Epist.</span> <span class='ocrx_word' id='word_1_367' title='bbox 297 2305 340 2324; x_wconf 84' lang='grc' dir='ltr'>ιο.</span> <span class='ocrx_word' id='word_1_368' title='bbox 364 2294 398 2324; x_wconf 81' lang='lat' dir='ltr'>T.</span> <span class='ocrx_word' id='word_1_369' title='bbox 421 2294 472 2326; x_wconf 86' lang='lat' dir='ltr'>XI</span> <span class='ocrx_word' id='word_1_370' title='bbox 488 2294 506 2325; x_wconf 90' lang='lat' dir='ltr'>f.</span> <span class='ocrx_word' id='word_1_371' title='bbox 535 2304 558 2325; x_wconf 90' lang='lat'>1.</span> <span class='ocrx_word' id='word_1_372' title='bbox 916 2295 990 2332; x_wconf 88' lang='lat' dir='ltr'>(t)</span> <span class='ocrx_word' id='word_1_373' title='bbox 1014 2296 1158 2327; x_wconf 80' lang='lat' dir='ltr'>Unionem</span> <span class='ocrx_word' id='word_1_374' title='bbox 1183 2299 1412 2330; x_wconf 77' lang='lat' dir='ltr'>membranarum</span> <span class='ocrx_word' id='word_1_375' title='bbox 1442 2298 1535 2329; x_wconf 79' lang='lat' dir='ltr'>cordis</span> <span class='ocrx_word' id='word_1_376' title='bbox 1563 2302 1648 2327; x_wconf 74' lang='lat' dir='ltr'>vocat</span> 
     </span>
     <span class='ocr_line' id='line_1_37' title="bbox 95 2334 1239 2377; baseline 0.004 -13"><span class='ocrx_word' id='word_1_377' title='bbox 95 2334 229 2370; x_wconf 49' lang='lat' dir='ltr'>(NT.</span> <span class='ocrx_word' id='word_1_378' title='bbox 263 2337 436 2366; x_wconf 80' lang='lat'>12.&amp;16.</span> <span class='ocrx_word' id='word_1_379' title='bbox 874 2336 918 2366; x_wconf 77' lang='lat'>11]</span> <span class='ocrx_word' id='word_1_380' title='bbox 949 2337 1239 2377; x_wconf 67' lang='lat' dir='ltr'>Saxacp.207.</span> 
     </span>
     <span class='ocr_line' id='line_1_38' title="bbox 95 2375 1638 2419; baseline 0.006 -15"><span class='ocrx_word' id='word_1_381' title='bbox 95 2375 450 2412; x_wconf 73' lang='lat' dir='ltr'>(q)l.c.t.5.f.2⁷</span> <span class='ocrx_word' id='word_1_382' title='bbox 917 2379 1638 2419; x_wconf 62' lang='lat' dir='ltr'>tu)Ex111..Srimetab9f.rgg</span> 
     </span>
     <span class='ocr_line' id='line_1_39' title="bbox 96 2415 974 2451; baseline 0.005 -7"><span class='ocrx_word' id='word_1_383' title='bbox 96 2416 108 2449; x_wconf 76' lang='lat'>&lt;</span> <span class='ocrx_word' id='word_1_384' title='bbox 126 2415 170 2451; x_wconf 89' lang='lat' dir='ltr'>r)</span> <span class='ocrx_word' id='word_1_385' title='bbox 193 2415 209 2445; x_wconf 91' lang='lat' dir='ltr'>l.</span> <span class='ocrx_word' id='word_1_386' title='bbox 235 2426 259 2446; x_wconf 92' lang='lat' dir='ltr'>c.</span> <span class='ocrx_word' id='word_1_387' title='bbox 882 2420 906 2447; x_wconf 83' lang='lat' dir='ltr'><em>G</em></span> <span class='ocrx_word' id='word_1_388' title='bbox 943 2421 974 2448; x_wconf 84' lang='lat' dir='ltr'>G.</span> 
     </span>
     <span class='ocr_line' id='line_1_40' title="bbox 93 2456 1319 2504; baseline 0.008 -20"><span class='ocrx_word' id='word_1_389' title='bbox 93 2456 570 2497; x_wconf 59' lang='lat' dir='ltr'>.ts)L0w1;1&gt;.l.c.a.,‚a.a.</span> <span class='ocrx_word' id='word_1_390' title='bbox 917 2461 1319 2504; x_wconf 45' lang='lat' dir='ltr'>k,)SssNACP·208=</span> 
     </span>
    </p>
   </div>
  </div>
 </body>
</html>
