2003 2748
325 157 516 197 SECT.
551 158 657 196 III.
714 156 980 198 CORDIS
1027 155 1340 197 FABRICA.
1564 170 1639 203 371

27 266 158 294 norem
191 256 449 304 intercipiant,
487 266 606 304 neque
640 254 677 291 id
706 253 779 291 fere
814 252 995 292 neceffitas
1039 253 1150 296 tulit,
1197 265 1277 303 quae
1308 251 1401 301 jussit
1434 264 1478 290 ex
1518 260 1643 294 aorta,

27 323 135 366 atque
162 316 252 353 adeo
279 315 382 364 supra
409 327 472 352 cor
489 343 497 357 ‚
533 326 588 351 eas
613 314 755 351 arterias
781 313 944 351 educere.

88 376 130 413 In
156 378 231 423 ejus
256 377 390 413 arteriae
415 374 507 411 ostio
534 373 635 415 sunt,
675 374 738 422 qui
763 373 941 411 valvulam
961 372 1206 422 descripserint
1229 372 1341 420 (i),
1379 372 1522 422 qualem
1549 371 1649 409 raris-

28 435 115 474 sime
147 435 296 484 quidem
324 434 453 476 visam,
489 434 596 470 etiam
619 431 722 469 LAN
740 445 760 470 c
778 445 913 470 181us
940 431 1021 481 (k)
1051 434 1188 481 repetit.
1225 431 1329 470 Nihil
1357 445 1427 481 ego
1450 430 1562 469 fimi'ie
1578 444 1647 469 un-

31 508 140 545 quam
164 495 237 532 vidi
257 524 266 539 ‚
300 493 365 532 nisi
395 493 481 530 velis
498 521 507 535 ,
539 492 641 541 quod
659 492 807 541 quidem
828 493 963 542 ubique
991 495 1028 530 in
1054 504 1241 529 ramorum
1272 492 1527 530 arteriosorum
1549 491 1649 529 ostiis

30 555 158 593 locum
188 554 314 597 habet,
347 564 519 601 aggerem
543 552 586 589 ab
616 551 722 589 altera
751 560 851 601 parte
876 565 1085 590 convexum
1103 580 1112 594 ,
1144 553 1179 589 &
1213 552 1256 588 ab
1289 552 1396 589 altera
1429 564 1558 589 cavum
1593 551 1649 587 in-

32 615 120 658 cile‚
149 626 215 662 pro
238 612 376 650 valvula
398 624 600 650 numerare.
637 612 706 649 Sed
725 624 844 661 neque
866 611 936 659 (l)
962 614 999 649 in
1023 611 1342 661 progredientibus
1365 613 1499 649 arteriis
1524 610 1650 648 cordis

32 674 77 712 ad
104 680 228 710 ortum
250 673 440 720 majorum·
459 671 687 710 surculorum
708 700 717 714 ,
754 671 911 710 valvulas
938 674 1080 722 reperio
1095 700 1104 714 ,
1139 671 1191 709 Ill.
1230 670 1371 710 Praesuli
1396 672 1492 720 (m)
1512 671 1619 708 dietas
1634 699 1645 714 ‚

32 745 111 783 quae
152 732 394 774 intercedant,
429 744 474 769 ne
508 731 648 780 sanguis
677 743 722 768 ex
758 733 864 769 ramis
898 733 1104 770 minoribus
1136 733 1174 768 in
1205 732 1359 779 majores
1394 738 1647 779 retroagatur,

17 793 261 841 faciantque,
297 801 337 829 ut
363 804 454 841 aqua
476 791 622 839 injecia,
659 791 771 828 corde
798 791 989 840 conpreffo
1007 821 1016 835 ‚
1053 799 1163 840 neget
1189 792 1228 828 in
1257 804 1312 829 eas
1342 793 1484 829 arterias
1506 791 1648 828 redire:

34 864 113 901 quae
141 851 291 889 demum
316 853 351 888 in
376 863 472 900 equo
498 850 757 888 manifestiores
786 850 861 887 fint.
895 850 1069 900 Denique
1091 850 1141 888 lll.
1178 863 1288 899 quem
1311 851 1399 900 saepe
1425 852 1646 891 excitamus,

33 911 225 949 Romanus
254 911 459 948 Aarchiater
482 912 518 947 in
543 910 640 947 ostiis
665 911 847 957 majorum
872 909 1100 949 surculorum
1124 912 1333 947 arteriarum
1357 910 1462 947 cordi
1487 911 1651 959 propria-

32 983 116 1008 rum
147 970 323 1020 quosdam
352 970 448 1020 quasi
483 969 699 1019 sphineteres
724 970 816 1007 vidit
843 971 951 1016 (n),
987 970 1032 1008 de
1057 969 1183 1007 iisdem
1208 969 1303 1007 forte
1331 970 1576 1007 eminentibus
1597 981 1655 1006 ar-

34 1031 150 1069 cubus
180 1030 325 1068 locutus
355 1030 468 1078 (0),
505 1042 598 1079 quos
627 1031 664 1066 in
692 1031 902 1067 arteriarum
929 1029 1074 1068 historia
1103 1028 1362 1079 descripsimus.

97 1089 284 1127 Internam
310 1090 560 1127 membranam
588 1089 798 1127 earumdem
822 1091 1031 1142 arteriarum
1056 1088 1258 1127 crassiorem
1274 1117 1283 1132 ‚
1321 1102 1429 1139 quam
1450 1089 1531 1128 alibi
1550 1118 1559 1132 ‚
1594 1094 1654 1127 re-2'

35 1151 128 1199 perit
153 1148 180 1185 L
197 1162 216 1186 A
232 1162 255 1185 N
271 1161 290 1185 c
306 1161 316 1184 1
335 1161 411 1186 s1u
426 1162 439 1185 s
467 1150 554 1196 (p).
592 1149 686 1186 Mihi
707 1158 826 1186 tamen
853 1149 964 1186 solida
987 1150 1022 1187 ἃ
1044 1149 1121 1187 alba
1137 1177 1146 1191 ‚
1183 1161 1301 1198 neque
1331 1149 1467 1187 rubella
1497 1156 1559 1186 aut
1581 1150 1649 1198 pli-

37 1217 113 1245 cata
139 1209 301 1250 videtur,
337 1209 450 1257 qualis
471 1210 508 1244 in
531 1208 605 1244 aliis
626 1207 817 1246 visceribus
839 1210 1015 1257 reperitur
1038 1208 1093 1256 (q
1111 1207 1135 1255 ).
1172 1207 1398 1258 Frequentur
1421 1208 1505 1256 (r)
1528 1216 1650 1246 autem

38 1266 217 1305 offescunt
248 1267 381 1305 eaedem
399 1297 407 1311 ,
445 1268 480 1304 Sc
502 1266 627 1305 succus
654 1266 812 1306 luteolus
829 1296 838 1310 ‚
874 1270 969 1306 inter
997 1268 1246 1305 membranam
1272 1267 1513 1305 musculosam
1540 1269 1575 1305 ἃ
1599 1270 1655 1305 in-

39 1328 167 1364 timam
200 1326 404 1376 depofitus‚
442 1328 479 1364 in
509 1327 643 1370 canos,
680 1327 907 1376 caatilagines
937 1325 1047 1378 (s),
1084 1327 1119 1364 ἃ.
1149 1326 1260 1365 osseas
1288 1327 1449 1377 squamas
1481 1336 1541 1364 aut
1563 1327 1652 1376 lapi-

41 1387 124 1424 deas
152 1385 257 1436 (t),
293 1386 510 1436 tubulosque
536 1385 602 1429 fit,
634 1387 756 1436 quales
772 1389 880 1424 etiam
893 1387 983 1424 mihi
1005 1387 1094 1434 (u)
1121 1394 1383 1433 occurrerunt,
1414 1388 1449 1424 &
1473 1386 1524 1425 Cl.
1563 1387 1654 1425 olim

38 1446 81 1493 J.
109 1447 158 1483 Fr
167 1446 294 1483 iderico
310 1446 374 1484 CR
391 1458 408 1482 E
424 1459 443 1482 L
458 1458 501 1483 [ι
517 1457 540 1482 0
565 1447 664 1493 (x):
700 1446 878 1494 ejusmodi
897 1459 984 1485 vero
1003 1448 1084 1484 vitia
1104 1442 1172 1486 late
1195 1459 1258 1496 per
1275 1454 1424 1485 truncos
1442 1448 1655 1484 arteriarum

42 1506 164 1542 cordis
197 1506 442 1543 dominantur.
492 1505 582 1542 Non
616 1506 726 1543 video
758 1505 862 1543 fibras
890 1506 1052 1544 anulares
1086 1505 1254 1543 offescere
1284 1504 1372 1555 (y)
1396 1535 1405 1549 ,
1441 1519 1527 1556 quas
1562 1506 1656 1555 saepe

41 1566 200 1614 integras
230 1565 275 1602 de
303 1564 395 1603 offea
421 1567 585 1603 interiori
611 1566 755 1616 squama
781 1565 912 1608 avulfi,
949 1567 1007 1604 cui
1037 1565 1154 1604 sulcos
1184 1565 1440 1616 inscripserant.

330 1663 362 1705 ᾗ.
398 1658 439 1698 Χ
456 1658 496 1702 Χ
512 1658 553 1698 Χ
571 1659 624 1698 ΙΙ.
691 1660 838 1698 Arteria
865 1661 1060 1698 Coronaria
1084 1661 1210 1698 dextra
1230 1659 1391 1709 inferior.

104 1753 277 1792 Diximus
294 1784 302 1797 ‚
339 1767 418 1804 quae
444 1757 587 1805 utrique
611 1756 744 1792 arteriae
769 1755 889 1793 cordis
917 1758 1128 1793 communia
1149 1755 1253 1798 sunt,
1290 1768 1388 1793 nunc
1419 1768 1484 1805 per
1511 1755 1651 1806 singula

1561 1829 1652 1854 cun⁴

120 2126 134 2144 ο
197 2124 220 2148 p.
249 2117 295 2143 66.
322 2118 369 2150 67.

116 2166 134 2193 p
197 2154 260 2184 lbid

118 2208 135 2236 q
194 2196 224 2225 L.
247 2195 282 2225 Π.
305 2206 331 2234 p.
360 2199 408 2226 66.

121 2249 138 2266 ν
202 2237 263 2266 Post
299 2237 410 2267 ciebias
444 2246 478 2275 p:
482 2238 647 2274 Ipitatssones
677 2239 819 2269 SENAC
849 2237 884 2268 T.
914 2237 947 2269 Η.
977 2248 1003 2277 p.
1032 2247 1067 2278 4
1074 2248 1100 2275 4
1139 2239 1322 2270 Coronat-a
1314 2240 1427 2275 arteria
1452 2249 1500 2279 pet
1532 2241 1578 2280 di
1573 2242 1655 2273 itum

48 2276 120 2308 offa
144 2278 229 2308 Lo
214 2287 349 2307 ESEKE
377 2275 480 2308 οἰίὲνυ
513 2286 539 2314 p.
569 2289 613 2315 30.

89 2318 165 2355 [s]
192 2318 244 2347 LA
272 2318 483 2348 mamam.
510 2319 565 2349 obs.
597 2320 677 2351 CXI.

88 2358 419 2395 [t]G11-:S}:Ltss
449 2363 544 2388 aecus
543 2362 604 2389 cu'o
638 2360 732 2399 vstcae.
762 2361 963 2401 Leid.167-4

91 2400 173 2435 [u]
201 2397 296 2437 Opusc.
318 2400 453 2437 passshoog
476 2398 530 2446 οξ]
553 2412 598 2437 51·

90 2439 173 2477 [x]
194 2438 225 2468 ln
249 2440 317 2478 disp.
344 2441 379 2470 de
407 2442 516 2471 arteria
543 2444 691 2472 c010120ria
715 2442 802 2481 instar
823 2444 879 2482 qffis
896 2446 937 2474 in
938 2446 1068 2476 Iurata.'

89 2480 172 2520 [y]
195 2480 387 2513 Mosam>
415 2483 554 2515 Memoir.
580 2484 612 2513 «ci
634 2484 747 2516 l'Acnd.
773 2486 816 2515 des
834 2484 939 2527 scienc.
962 2491 1048 2526 1736.
1075 2498 1092 2526 p
1119 2486 1200 2527 '⁶3²-

1011 2533 1118 2568 aaa
1170 2540 1192 2568 2
