<?xml version="1.0" encoding="UTF-8"?>
<!DOCTYPE html PUBLIC "-//W3C//DTD XHTML 1.0 Transitional//EN"
    "http://www.w3.org/TR/xhtml1/DTD/xhtml1-transitional.dtd">
<html xmlns="http://www.w3.org/1999/xhtml" xml:lang="en" lang="en">
 <head>
  <title>
</title>
<meta http-equiv="Content-Type" content="text/html;charset=utf-8" />
  <meta name='ocr-system' content='tesseract 3.04.00' />
  <meta name='ocr-capabilities' content='ocr_page ocr_carea ocr_par ocr_line ocrx_word'/>
</head>
<body>
  <div class='ocr_page' id='page_1' title='image "./elementaphysiolo01hall_0238.png"; bbox 0 0 2003 2748; ppageno 0'>
   <div class='ocr_carea' id='block_1_1' title="bbox 321 183 1696 231">
    <p class='ocr_par' dir='ltr' id='par_1_1' title="bbox 321 183 1696 231">
     <span class='ocr_line' id='line_1_1' title="bbox 321 183 1696 231; baseline -0.004 -2"><span class='ocrx_word' id='word_1_1' title='bbox 321 199 403 231; x_wconf 80' lang='lat'>212</span> <span class='ocrx_word' id='word_1_2' title='bbox 540 187 666 226; x_wconf 86' lang='lat' dir='ltr'><em>LIB.</em></span> <span class='ocrx_word' id='word_1_3' title='bbox 716 184 820 224; x_wconf 90' lang='lat' dir='ltr'><em>III.</em></span> <span class='ocrx_word' id='word_1_4' title='bbox 867 183 1260 224; x_wconf 89' lang='lat' dir='ltr'>CIRCUITUS</span> <span class='ocrx_word' id='word_1_5' title='bbox 1310 184 1696 226; x_wconf 86' lang='lat' dir='ltr'><strong>SANGUINIS.</strong></span> 
     </span>
    </p>
   </div>
   <div class='ocr_carea' id='block_1_2' title="bbox 315 280 1924 924">
    <p class='ocr_par' dir='ltr' id='par_1_2' title="bbox 315 280 1924 924">
     <span class='ocr_line' id='line_1_2' title="bbox 319 280 1911 333; baseline -0.001 -10"><span class='ocrx_word' id='word_1_6' title='bbox 319 284 460 333; x_wconf 81' lang='lat' dir='ltr'>sanguis</span> <span class='ocrx_word' id='word_1_7' title='bbox 488 283 532 320; x_wconf 83' lang='lat' dir='ltr'>ad</span> <span class='ocrx_word' id='word_1_8' title='bbox 563 295 626 319; x_wconf 90' lang='lat' dir='ltr'>cor</span> <span class='ocrx_word' id='word_1_9' title='bbox 657 282 797 324; x_wconf 85' lang='lat' dir='ltr'>redire,</span> <span class='ocrx_word' id='word_1_10' title='bbox 865 293 983 331; x_wconf 86' lang='lat' dir='ltr'>neque</span> <span class='ocrx_word' id='word_1_11' title='bbox 1022 280 1113 318; x_wconf 90' lang='lat' dir='ltr'>adeo</span> <span class='ocrx_word' id='word_1_12' title='bbox 1149 282 1314 318; x_wconf 84' lang='lat' dir='ltr'>arteriam</span> <span class='ocrx_word' id='word_1_13' title='bbox 1359 280 1477 318; x_wconf 91' lang='lat' dir='ltr'>subire</span> <span class='ocrx_word' id='word_1_14' title='bbox 1502 309 1511 323; x_wconf 91' lang='lat'>,</span> <span class='ocrx_word' id='word_1_15' title='bbox 1573 293 1639 330; x_wconf 90' lang='lat' dir='ltr'>per</span> <span class='ocrx_word' id='word_1_16' title='bbox 1679 293 1788 330; x_wconf 88' lang='lat' dir='ltr'>quam</span> <span class='ocrx_word' id='word_1_17' title='bbox 1824 281 1911 333; x_wconf 53' lang='lat' dir='ltr'>rupss</span> 
     </span>
     <span class='ocr_line' id='line_1_3' title="bbox 319 340 1911 389; baseline -0.001 -8"><span class='ocrx_word' id='word_1_18' title='bbox 319 352 393 381; x_wconf 87' lang='lat' dir='ltr'>tam</span> <span class='ocrx_word' id='word_1_19' title='bbox 408 342 615 380; x_wconf 84' lang='lat' dir='ltr'>effunditur.</span> <span class='ocrx_word' id='word_1_20' title='bbox 654 340 820 378; x_wconf 75' lang='lat' dir='ltr'>Nascitur</span> <span class='ocrx_word' id='word_1_21' title='bbox 837 353 925 388; x_wconf 86' lang='lat' dir='ltr'>ergo</span> <span class='ocrx_word' id='word_1_22' title='bbox 956 353 1070 389; x_wconf 88' lang='lat' dir='ltr'>penus</span> <span class='ocrx_word' id='word_1_23' title='bbox 1102 340 1221 389; x_wconf 86' lang='lat' dir='ltr'>aliqua</span> <span class='ocrx_word' id='word_1_24' title='bbox 1250 340 1454 389; x_wconf 84' lang='lat' dir='ltr'>sanguinis,</span> <span class='ocrx_word' id='word_1_25' title='bbox 1477 352 1588 389; x_wconf 89' lang='lat' dir='ltr'>quem</span> <span class='ocrx_word' id='word_1_26' title='bbox 1613 342 1747 378; x_wconf 84' lang='lat' dir='ltr'>arteriae</span> <span class='ocrx_word' id='word_1_27' title='bbox 1769 349 1911 380; x_wconf 87' lang='lat' dir='ltr'>artuum</span> 
     </span>
     <span class='ocr_line' id='line_1_4' title="bbox 320 391 1924 449; baseline -0.002 -10"><span class='ocrx_word' id='word_1_28' title='bbox 320 402 440 439; x_wconf 64' lang='lat' dir='ltr'>liberae</span> <span class='ocrx_word' id='word_1_29' title='bbox 457 401 651 443; x_wconf 83' lang='lat' dir='ltr'>advehunt,</span> <span class='ocrx_word' id='word_1_30' title='bbox 674 411 772 437; x_wconf 77' lang='lat' dir='ltr'>venae</span> <span class='ocrx_word' id='word_1_31' title='bbox 784 391 902 448; x_wconf 72' lang='lat' dir='ltr'>ligatae</span> <span class='ocrx_word' id='word_1_32' title='bbox 914 399 1052 437; x_wconf 84' lang='lat' dir='ltr'>servant</span> <span class='ocrx_word' id='word_1_33' title='bbox 1066 413 1077 446; x_wconf 81' lang='lat'>3</span> <span class='ocrx_word' id='word_1_34' title='bbox 1093 401 1140 437; x_wconf 88' lang='lat' dir='ltr'>ita</span> <span class='ocrx_word' id='word_1_35' title='bbox 1157 412 1276 449; x_wconf 86' lang='lat' dir='ltr'>neque</span> <span class='ocrx_word' id='word_1_36' title='bbox 1296 402 1440 449; x_wconf 84' lang='lat' dir='ltr'>penitus</span> <span class='ocrx_word' id='word_1_37' title='bbox 1453 411 1498 436; x_wconf 84' lang='lat' dir='ltr'>ex</span> <span class='ocrx_word' id='word_1_38' title='bbox 1508 398 1829 448; x_wconf 62' lang='lat' dir='ltr'>sanguinisja&amp;ura</span> <span class='ocrx_word' id='word_1_39' title='bbox 1839 402 1924 437; x_wconf 72' lang='lat' dir='ltr'>ani-v</span> 
     </span>
     <span class='ocr_line' id='line_1_5' title="bbox 319 458 1915 509; baseline -0.001 -12"><span class='ocrx_word' id='word_1_40' title='bbox 319 461 391 498; x_wconf 67' lang='lat' dir='ltr'>mal</span> <span class='ocrx_word' id='word_1_41' title='bbox 421 462 535 509; x_wconf 86' lang='lat' dir='ltr'>perit,</span> <span class='ocrx_word' id='word_1_42' title='bbox 579 460 614 495; x_wconf 62' lang='grc' dir='ltr'>ὃς</span> <span class='ocrx_word' id='word_1_43' title='bbox 649 467 769 496; x_wconf 86' lang='lat' dir='ltr'>tamen</span> <span class='ocrx_word' id='word_1_44' title='bbox 786 487 794 501; x_wconf 87' lang='lat'>‚</span> <span class='ocrx_word' id='word_1_45' title='bbox 829 458 938 496; x_wconf 62' lang='lat' dir='ltr'>fracto</span> <span class='ocrx_word' id='word_1_46' title='bbox 963 471 1062 496; x_wconf 89' lang='lat' dir='ltr'>nunc</span> <span class='ocrx_word' id='word_1_47' title='bbox 1090 459 1210 496; x_wconf 88' lang='lat' dir='ltr'>cordis</span> <span class='ocrx_word' id='word_1_48' title='bbox 1239 461 1378 508; x_wconf 87' lang='lat' dir='ltr'>impetu</span> <span class='ocrx_word' id='word_1_49' title='bbox 1396 487 1405 502; x_wconf 93' lang='lat'>,</span> <span class='ocrx_word' id='word_1_50' title='bbox 1461 459 1579 508; x_wconf 88' lang='lat' dir='ltr'>potest</span> <span class='ocrx_word' id='word_1_51' title='bbox 1604 458 1737 496; x_wconf 86' lang='lat' dir='ltr'>lentior</span> <span class='ocrx_word' id='word_1_52' title='bbox 1764 460 1800 496; x_wconf 91' lang='lat' dir='ltr'>in</span> <span class='ocrx_word' id='word_1_53' title='bbox 1825 466 1915 496; x_wconf 81' lang='lat' dir='ltr'>arte-</span> 
     </span>
     <span class='ocr_line' id='line_1_6' title="bbox 315 513 1917 568; baseline -0.001 -11"><span class='ocrx_word' id='word_1_54' title='bbox 315 513 369 557; x_wconf 64' lang='lat' dir='ltr'>&#39;ria</span> <span class='ocrx_word' id='word_1_55' title='bbox 394 519 524 557; x_wconf 78' lang='lat' dir='ltr'>violata</span> <span class='ocrx_word' id='word_1_56' title='bbox 547 526 669 556; x_wconf 86' lang='lat' dir='ltr'>motus</span> <span class='ocrx_word' id='word_1_57' title='bbox 688 547 697 560; x_wconf 92' lang='lat'>,</span> <span class='ocrx_word' id='word_1_58' title='bbox 741 519 777 555; x_wconf 73' lang='grc' dir='ltr'>δε</span> <span class='ocrx_word' id='word_1_59' title='bbox 808 530 960 567; x_wconf 69' lang='lat' dir='ltr'>grunius</span> <span class='ocrx_word' id='word_1_60' title='bbox 983 518 1142 567; x_wconf 87' lang='lat' dir='ltr'>denique</span> <span class='ocrx_word' id='word_1_61' title='bbox 1172 517 1264 555; x_wconf 84' lang='lat' dir='ltr'>nasci</span> <span class='ocrx_word' id='word_1_62' title='bbox 1290 518 1306 568; x_wconf 88' lang='lat'>(</span> <span class='ocrx_word' id='word_1_63' title='bbox 1327 517 1347 555; x_wconf 85' lang='lat' dir='ltr'><em>b</em></span> <span class='ocrx_word' id='word_1_64' title='bbox 1368 518 1409 564; x_wconf 87' lang='lat'>&gt;,</span> <span class='ocrx_word' id='word_1_65' title='bbox 1447 530 1522 567; x_wconf 90' lang='lat' dir='ltr'>quo</span> <span class='ocrx_word' id='word_1_66' title='bbox 1551 520 1757 556; x_wconf 81' lang='lat' dir='ltr'>arteriarum</span> <span class='ocrx_word' id='word_1_67' title='bbox 1788 518 1917 556; x_wconf 87' lang='lat' dir='ltr'>vulne-</span> 
     </span>
     <span class='ocr_line' id='line_1_7' title="bbox 318 576 1916 627; baseline -0.001 -12"><span class='ocrx_word' id='word_1_68' title='bbox 318 591 356 615; x_wconf 86' lang='lat' dir='ltr'>ra</span> <span class='ocrx_word' id='word_1_69' title='bbox 380 578 620 620; x_wconf 83' lang='lat' dir='ltr'>clauduntur,</span> <span class='ocrx_word' id='word_1_70' title='bbox 657 589 777 627; x_wconf 83' lang='lat' dir='ltr'>neque</span> <span class='ocrx_word' id='word_1_71' title='bbox 809 590 896 615; x_wconf 89' lang='lat' dir='ltr'>eum</span> <span class='ocrx_word' id='word_1_72' title='bbox 919 589 1094 626; x_wconf 88' lang='lat' dir='ltr'>grumum</span> <span class='ocrx_word' id='word_1_73' title='bbox 1114 579 1231 614; x_wconf 87' lang='lat' dir='ltr'>nimio</span> <span class='ocrx_word' id='word_1_74' title='bbox 1258 576 1321 615; x_wconf 91' lang='lat' dir='ltr'>suo</span> <span class='ocrx_word' id='word_1_75' title='bbox 1347 578 1487 626; x_wconf 84' lang='lat' dir='ltr'>impetu</span> <span class='ocrx_word' id='word_1_76' title='bbox 1519 589 1583 614; x_wconf 92' lang='lat' dir='ltr'>cor</span> <span class='ocrx_word' id='word_1_77' title='bbox 1603 577 1830 614; x_wconf 84' lang='lat' dir='ltr'>debilitatum</span> <span class='ocrx_word' id='word_1_78' title='bbox 1853 589 1916 614; x_wconf 86' lang='lat' dir='ltr'>ex-</span> 
     </span>
     <span class='ocr_line' id='line_1_8' title="bbox 319 635 1918 687; baseline -0.001 -13"><span class='ocrx_word' id='word_1_79' title='bbox 319 637 429 687; x_wconf 85' lang='lat' dir='ltr'>pellit.</span> <span class='ocrx_word' id='word_1_80' title='bbox 477 636 652 674; x_wconf 87' lang='lat' dir='ltr'>Ponimus</span> <span class='ocrx_word' id='word_1_81' title='bbox 683 644 803 675; x_wconf 87' lang='lat' dir='ltr'>autem</span> <span class='ocrx_word' id='word_1_82' title='bbox 831 644 925 674; x_wconf 83' lang='lat' dir='ltr'>artus</span> <span class='ocrx_word' id='word_1_83' title='bbox 950 638 997 673; x_wconf 87' lang='lat' dir='ltr'>ita</span> <span class='ocrx_word' id='word_1_84' title='bbox 1017 635 1147 685; x_wconf 86' lang='lat' dir='ltr'>ligatos</span> <span class='ocrx_word' id='word_1_85' title='bbox 1174 635 1240 674; x_wconf 84' lang='lat' dir='ltr'>effe</span> <span class='ocrx_word' id='word_1_86' title='bbox 1256 664 1264 679; x_wconf 91' lang='lat'>‚</span> <span class='ocrx_word' id='word_1_87' title='bbox 1301 644 1341 674; x_wconf 90' lang='lat' dir='ltr'>ut</span> <span class='ocrx_word' id='word_1_88' title='bbox 1359 635 1528 674; x_wconf 87' lang='lat' dir='ltr'>arteri0so</span> <span class='ocrx_word' id='word_1_89' title='bbox 1550 636 1715 684; x_wconf 84' lang='lat' dir='ltr'>sanguini</span> <span class='ocrx_word' id='word_1_90' title='bbox 1736 636 1852 673; x_wconf 87' lang='lat' dir='ltr'>aditus</span> <span class='ocrx_word' id='word_1_91' title='bbox 1883 648 1918 673; x_wconf 89' lang='lat' dir='ltr'>a-</span> 
     </span>
     <span class='ocr_line' id='line_1_9' title="bbox 319 695 1917 746; baseline -0.001 -13"><span class='ocrx_word' id='word_1_92' title='bbox 319 704 443 746; x_wconf 80' lang='lat' dir='ltr'>pertus</span> <span class='ocrx_word' id='word_1_93' title='bbox 470 695 645 733; x_wconf 83' lang='lat' dir='ltr'>manserit.</span> <span class='ocrx_word' id='word_1_94' title='bbox 681 695 801 733; x_wconf 88' lang='lat' dir='ltr'>Nimis</span> <span class='ocrx_word' id='word_1_95' title='bbox 826 698 924 733; x_wconf 90' lang='lat' dir='ltr'>enim</span> <span class='ocrx_word' id='word_1_96' title='bbox 954 695 1043 732; x_wconf 66' lang='lat' dir='ltr'>arcta</span> <span class='ocrx_word' id='word_1_97' title='bbox 1071 695 1215 733; x_wconf 88' lang='lat' dir='ltr'>vincula</span> <span class='ocrx_word' id='word_1_98' title='bbox 1243 702 1303 733; x_wconf 84' lang='lat' dir='ltr'>aut</span> <span class='ocrx_word' id='word_1_99' title='bbox 1330 706 1562 744; x_wconf 78' lang='lat' dir='ltr'>gangraenam</span> <span class='ocrx_word' id='word_1_100' title='bbox 1588 695 1772 738; x_wconf 83' lang='lat' dir='ltr'>facerent,</span> <span class='ocrx_word' id='word_1_101' title='bbox 1812 695 1917 732; x_wconf 91' lang='lat' dir='ltr'>omni</span> 
     </span>
     <span class='ocr_line' id='line_1_10' title="bbox 321 749 1916 804; baseline -0.002 -11"><span class='ocrx_word' id='word_1_102' title='bbox 321 768 341 793; x_wconf 87' lang='lat' dir='ltr'>a</span> <span class='ocrx_word' id='word_1_103' title='bbox 373 754 579 804; x_wconf 72' lang='lat' dir='ltr'>co&#39;npreffis</span> <span class='ocrx_word' id='word_1_104' title='bbox 608 762 752 792; x_wconf 86' lang='lat' dir='ltr'>artuum</span> <span class='ocrx_word' id='word_1_105' title='bbox 780 752 917 792; x_wconf 88' lang='lat' dir='ltr'>arteriis</span> <span class='ocrx_word' id='word_1_106' title='bbox 949 754 1121 803; x_wconf 81' lang='lat' dir='ltr'>sanguine</span> <span class='ocrx_word' id='word_1_107' title='bbox 1146 749 1303 796; x_wconf 56' lang='lat' dir='ltr'>averso?</span> <span class='ocrx_word' id='word_1_108' title='bbox 1332 764 1392 792; x_wconf 87' lang='lat' dir='ltr'>aut</span> <span class='ocrx_word' id='word_1_109' title='bbox 1423 761 1519 791; x_wconf 86' lang='lat' dir='ltr'>certe</span> <span class='ocrx_word' id='word_1_110' title='bbox 1540 754 1743 804; x_wconf 82' lang='lat' dir='ltr'>atrophiam</span> <span class='ocrx_word' id='word_1_111' title='bbox 1761 782 1769 797; x_wconf 90' lang='lat'>,</span> <span class='ocrx_word' id='word_1_112' title='bbox 1815 753 1916 790; x_wconf 88' lang='lat' dir='ltr'>mali-</span> 
     </span>
     <span class='ocr_line' id='line_1_11' title="bbox 321 812 1918 863; baseline 0.001 -13"><span class='ocrx_word' id='word_1_113' title='bbox 321 826 394 862; x_wconf 83' lang='lat' dir='ltr'>gna</span> <span class='ocrx_word' id='word_1_114' title='bbox 420 826 518 863; x_wconf 88' lang='lat' dir='ltr'>penu</span> <span class='ocrx_word' id='word_1_115' title='bbox 547 812 712 856; x_wconf 80' lang='lat' dir='ltr'>admissa,</span> <span class='ocrx_word' id='word_1_116' title='bbox 758 814 795 851; x_wconf 86' lang='lat'>&amp;</span> <span class='ocrx_word' id='word_1_117' title='bbox 816 826 896 862; x_wconf 81' lang='lat' dir='ltr'>quae</span> <span class='ocrx_word' id='word_1_118' title='bbox 925 826 1004 852; x_wconf 91' lang='lat' dir='ltr'>non</span> <span class='ocrx_word' id='word_1_119' title='bbox 1029 813 1218 851; x_wconf 87' lang='lat' dir='ltr'>suffecerit.</span> <span class='ocrx_word' id='word_1_120' title='bbox 1254 812 1306 850; x_wconf 83' lang='lat' dir='ltr'>Ita</span> <span class='ocrx_word' id='word_1_121' title='bbox 1331 815 1430 851; x_wconf 92' lang='lat' dir='ltr'>enim</span> <span class='ocrx_word' id='word_1_122' title='bbox 1455 815 1621 857; x_wconf 86' lang='lat' dir='ltr'>evenire,</span> <span class='ocrx_word' id='word_1_123' title='bbox 1657 814 1764 851; x_wconf 83' lang='lat' dir='ltr'>etiam</span> <span class='ocrx_word' id='word_1_124' title='bbox 1791 813 1918 863; x_wconf 77' lang='lat' dir='ltr'>aperi-</span> 
     </span>
     <span class='ocr_line' id='line_1_12' title="bbox 322 872 1341 924; baseline -0.003 -13"><span class='ocrx_word' id='word_1_125' title='bbox 322 873 460 924; x_wconf 73' lang='lat' dir='ltr'>scelidis</span> <span class='ocrx_word' id='word_1_126' title='bbox 484 874 595 911; x_wconf 85' lang='lat' dir='ltr'>nimia</span> <span class='ocrx_word' id='word_1_127' title='bbox 616 873 841 913; x_wconf 58' lang='lat' dir='ltr'>adstrictione</span> <span class='ocrx_word' id='word_1_128' title='bbox 860 901 870 916; x_wconf 84' lang='lat'>,</span> <span class='ocrx_word' id='word_1_129' title='bbox 905 872 1070 922; x_wconf 85' lang='lat' dir='ltr'>exempla</span> <span class='ocrx_word' id='word_1_130' title='bbox 1090 873 1228 910; x_wconf 87' lang='lat' dir='ltr'>exstant</span> <span class='ocrx_word' id='word_1_131' title='bbox 1246 874 1263 919; x_wconf 82' lang='lat'>(</span> <span class='ocrx_word' id='word_1_132' title='bbox 1279 884 1295 909; x_wconf 87' lang='lat' dir='ltr'>c</span> <span class='ocrx_word' id='word_1_133' title='bbox 1311 872 1341 921; x_wconf 86' lang='lat'>).</span> 
     </span>
    </p>
   </div>
   <div class='ocr_carea' id='block_1_3' title="bbox 669 1016 1574 1065">
    <p class='ocr_par' dir='ltr' id='par_1_3' title="bbox 669 1016 1574 1065">
     <span class='ocr_line' id='line_1_13' title="bbox 669 1016 1574 1065; baseline -0.002 -9"><span class='ocrx_word' id='word_1_134' title='bbox 669 1020 701 1062; x_wconf 74' lang='lat'>§.</span> <span class='ocrx_word' id='word_1_135' title='bbox 737 1016 851 1057; x_wconf 90' lang='lat' dir='ltr'><strong>XII.</strong></span> <span class='ocrx_word' id='word_1_136' title='bbox 921 1016 1111 1056; x_wconf 78' lang='lat' dir='ltr'>Vinculum</span> <span class='ocrx_word' id='word_1_137' title='bbox 1130 1016 1267 1055; x_wconf 76' lang='lat' dir='ltr'>nudatae</span> <span class='ocrx_word' id='word_1_138' title='bbox 1288 1028 1382 1055; x_wconf 76' lang='lat' dir='ltr'>venae</span> <span class='ocrx_word' id='word_1_139' title='bbox 1403 1016 1574 1065; x_wconf 61' lang='lat' dir='ltr'>injet‘Ium.</span> 
     </span>
    </p>
   </div>
   <div class='ocr_carea' id='block_1_4' title="bbox 324 1160 1926 2215">
    <p class='ocr_par' dir='ltr' id='par_1_4' title="bbox 324 1160 1923 1801">
     <span class='ocr_line' id='line_1_14' title="bbox 384 1160 1921 1212; baseline -0.002 -11"><span class='ocrx_word' id='word_1_140' title='bbox 384 1162 602 1212; x_wconf 83' lang='lat' dir='ltr'>Supererant</span> <span class='ocrx_word' id='word_1_141' title='bbox 628 1163 874 1212; x_wconf 78' lang='lat' dir='ltr'>experimenta</span> <span class='ocrx_word' id='word_1_142' title='bbox 889 1162 928 1199; x_wconf 89' lang='lat' dir='ltr'>in</span> <span class='ocrx_word' id='word_1_143' title='bbox 949 1161 1090 1200; x_wconf 87' lang='lat' dir='ltr'>nudatis</span> <span class='ocrx_word' id='word_1_144' title='bbox 1109 1162 1211 1199; x_wconf 78' lang='lat' dir='ltr'>venis</span> <span class='ocrx_word' id='word_1_145' title='bbox 1230 1160 1391 1199; x_wconf 85' lang='lat' dir='ltr'>facienda</span> <span class='ocrx_word' id='word_1_146' title='bbox 1409 1189 1418 1204; x_wconf 84' lang='lat'>‚</span> <span class='ocrx_word' id='word_1_147' title='bbox 1458 1173 1537 1210; x_wconf 81' lang='lat' dir='ltr'>quae</span> <span class='ocrx_word' id='word_1_148' title='bbox 1553 1161 1621 1198; x_wconf 90' lang='lat' dir='ltr'>iter</span> <span class='ocrx_word' id='word_1_149' title='bbox 1647 1160 1828 1209; x_wconf 86' lang='lat' dir='ltr'>sanguinis</span> <span class='ocrx_word' id='word_1_150' title='bbox 1848 1161 1921 1202; x_wconf 74' lang='lat' dir='ltr'>evi,-</span> 
     </span>
     <span class='ocr_line' id='line_1_15' title="bbox 324 1215 1920 1269; baseline -0.003 -9"><span class='ocrx_word' id='word_1_151' title='bbox 324 1222 470 1260; x_wconf 83' lang='lat' dir='ltr'>dentius</span> <span class='ocrx_word' id='word_1_152' title='bbox 498 1215 682 1259; x_wconf 70' lang='lat' dir='ltr'>docerent.</span> <span class='ocrx_word' id='word_1_153' title='bbox 719 1220 756 1258; x_wconf 90' lang='lat' dir='ltr'>Si</span> <span class='ocrx_word' id='word_1_154' title='bbox 777 1223 875 1258; x_wconf 90' lang='lat' dir='ltr'>enim</span> <span class='ocrx_word' id='word_1_155' title='bbox 894 1233 985 1259; x_wconf 85' lang='lat' dir='ltr'>vena</span> <span class='ocrx_word' id='word_1_156' title='bbox 1005 1221 1113 1269; x_wconf 86' lang='lat' dir='ltr'>ligata</span> <span class='ocrx_word' id='word_1_157' title='bbox 1135 1221 1264 1262; x_wconf 86' lang='lat' dir='ltr'>fuerit,</span> <span class='ocrx_word' id='word_1_158' title='bbox 1302 1219 1480 1258; x_wconf 86' lang='lat' dir='ltr'>observari</span> <span class='ocrx_word' id='word_1_159' title='bbox 1506 1227 1676 1269; x_wconf 90' lang='lat' dir='ltr'>poterat,</span> <span class='ocrx_word' id='word_1_160' title='bbox 1728 1232 1796 1268; x_wconf 88' lang='lat' dir='ltr'>qua</span> <span class='ocrx_word' id='word_1_161' title='bbox 1821 1227 1920 1269; x_wconf 84' lang='lat' dir='ltr'>parte</span> 
     </span>
     <span class='ocr_line' id='line_1_16' title="bbox 326 1279 1917 1329; baseline -0.001 -11"><span class='ocrx_word' id='word_1_162' title='bbox 326 1280 604 1322; x_wconf 87' lang='lat' dir='ltr'>intumesceret,</span> <span class='ocrx_word' id='word_1_163' title='bbox 642 1281 677 1317; x_wconf 86' lang='lat'>&amp;</span> <span class='ocrx_word' id='word_1_164' title='bbox 704 1279 811 1317; x_wconf 84' lang='lat' dir='ltr'>incisa</span> <span class='ocrx_word' id='word_1_165' title='bbox 835 1280 1045 1329; x_wconf 84' lang='lat' dir='ltr'>sanguinem</span> <span class='ocrx_word' id='word_1_166' title='bbox 1065 1281 1209 1317; x_wconf 89' lang='lat' dir='ltr'>uberius</span> <span class='ocrx_word' id='word_1_167' title='bbox 1228 1280 1414 1317; x_wconf 85' lang='lat' dir='ltr'>funderet:</span> <span class='ocrx_word' id='word_1_168' title='bbox 1449 1291 1519 1328; x_wconf 85' lang='lat' dir='ltr'>qua</span> <span class='ocrx_word' id='word_1_169' title='bbox 1543 1286 1669 1316; x_wconf 89' lang='lat' dir='ltr'>contra</span> <span class='ocrx_word' id='word_1_170' title='bbox 1697 1280 1917 1321; x_wconf 79' lang='lat' dir='ltr'>inaniretur,</span> 
     </span>
     <span class='ocr_line' id='line_1_17' title="bbox 328 1337 1923 1388; baseline -0.002 -11"><span class='ocrx_word' id='word_1_171' title='bbox 328 1341 365 1377; x_wconf 85' lang='lat'>&amp;</span> <span class='ocrx_word' id='word_1_172' title='bbox 386 1340 492 1377; x_wconf 87' lang='lat' dir='ltr'>incisa</span> <span class='ocrx_word' id='word_1_173' title='bbox 515 1351 683 1377; x_wconf 89' lang='lat' dir='ltr'>cruorem</span> <span class='ocrx_word' id='word_1_174' title='bbox 711 1348 868 1388; x_wconf 83' lang='lat' dir='ltr'>negaret.</span> <span class='ocrx_word' id='word_1_175' title='bbox 905 1339 942 1376; x_wconf 88' lang='lat' dir='ltr'>Si</span> <span class='ocrx_word' id='word_1_176' title='bbox 957 1339 1097 1387; x_wconf 82' lang='lat' dir='ltr'>sanguis</span> <span class='ocrx_word' id='word_1_177' title='bbox 1108 1340 1146 1375; x_wconf 88' lang='lat' dir='ltr'>in</span> <span class='ocrx_word' id='word_1_178' title='bbox 1172 1351 1276 1376; x_wconf 89' lang='lat' dir='ltr'>venas</span> <span class='ocrx_word' id='word_1_179' title='bbox 1303 1337 1446 1376; x_wconf 87' lang='lat' dir='ltr'>acorde</span> <span class='ocrx_word' id='word_1_180' title='bbox 1468 1339 1587 1380; x_wconf 86' lang='lat' dir='ltr'>venit,</span> <span class='ocrx_word' id='word_1_181' title='bbox 1619 1337 1830 1375; x_wconf 78' lang='lat' dir='ltr'>intumescet</span> <span class='ocrx_word' id='word_1_182' title='bbox 1860 1350 1923 1375; x_wconf 83' lang='lat' dir='ltr'>ve-</span> 
     </span>
     <span class='ocr_line' id='line_1_18' title="bbox 324 1395 1916 1447; baseline -0.002 -11"><span class='ocrx_word' id='word_1_183' title='bbox 324 1411 391 1441; x_wconf 82' lang='lat' dir='ltr'>na,</span> <span class='ocrx_word' id='word_1_184' title='bbox 421 1399 457 1436; x_wconf 89' lang='lat'>&amp;</span> <span class='ocrx_word' id='word_1_185' title='bbox 478 1398 654 1447; x_wconf 84' lang='lat' dir='ltr'>congesto</span> <span class='ocrx_word' id='word_1_186' title='bbox 675 1395 848 1447; x_wconf 88' lang='lat' dir='ltr'>sanguine</span> <span class='ocrx_word' id='word_1_187' title='bbox 869 1398 1065 1447; x_wconf 88' lang='lat' dir='ltr'>replebitur</span> <span class='ocrx_word' id='word_1_188' title='bbox 1077 1400 1169 1435; x_wconf 91' lang='lat' dir='ltr'>inter</span> <span class='ocrx_word' id='word_1_189' title='bbox 1181 1409 1246 1435; x_wconf 88' lang='lat' dir='ltr'>cor</span> <span class='ocrx_word' id='word_1_190' title='bbox 1263 1399 1298 1434; x_wconf 70' lang='grc' dir='ltr'>δε</span> <span class='ocrx_word' id='word_1_191' title='bbox 1317 1397 1523 1440; x_wconf 90' lang='lat' dir='ltr'>vinculum,</span> <span class='ocrx_word' id='word_1_192' title='bbox 1561 1398 1597 1434; x_wconf 88' lang='lat'>&amp;</span> <span class='ocrx_word' id='word_1_193' title='bbox 1615 1400 1792 1434; x_wconf 80' lang='lat' dir='ltr'>contraria</span> <span class='ocrx_word' id='word_1_194' title='bbox 1809 1396 1916 1440; x_wconf 90' lang='lat' dir='ltr'>fient,</span> 
     </span>
     <span class='ocr_line' id='line_1_19' title="bbox 326 1455 1920 1506; baseline -0.002 -11"><span class='ocrx_word' id='word_1_195' title='bbox 326 1459 420 1495; x_wconf 90' lang='lat' dir='ltr'>inter</span> <span class='ocrx_word' id='word_1_196' title='bbox 437 1458 624 1495; x_wconf 87' lang='lat' dir='ltr'>vinculum</span> <span class='ocrx_word' id='word_1_197' title='bbox 640 1486 648 1500; x_wconf 89' lang='lat'>,</span> <span class='ocrx_word' id='word_1_198' title='bbox 687 1457 898 1505; x_wconf 85' lang='lat' dir='ltr'>sanguinem</span> <span class='ocrx_word' id='word_1_199' title='bbox 922 1458 1175 1506; x_wconf 87' lang='lat' dir='ltr'>intercipiens,</span> <span class='ocrx_word' id='word_1_200' title='bbox 1216 1464 1407 1506; x_wconf 88' lang='lat' dir='ltr'>artumque</span> <span class='ocrx_word' id='word_1_201' title='bbox 1423 1485 1433 1499; x_wconf 92' lang='lat'>‚</span> <span class='ocrx_word' id='word_1_202' title='bbox 1472 1455 1498 1493; x_wconf 89' lang='lat' dir='ltr'>fi</span> <span class='ocrx_word' id='word_1_203' title='bbox 1523 1456 1566 1493; x_wconf 91' lang='lat' dir='ltr'>ab</span> <span class='ocrx_word' id='word_1_204' title='bbox 1602 1456 1747 1494; x_wconf 87' lang='lat' dir='ltr'>artubus</span> <span class='ocrx_word' id='word_1_205' title='bbox 1774 1457 1809 1492; x_wconf 66' lang='grc' dir='ltr'>ἃ</span> <span class='ocrx_word' id='word_1_206' title='bbox 1839 1457 1920 1493; x_wconf 87' lang='lat' dir='ltr'>uni-</span> 
     </span>
     <span class='ocr_line' id='line_1_20' title="bbox 327 1515 1920 1566; baseline -0.001 -12"><span class='ocrx_word' id='word_1_207' title='bbox 327 1516 428 1554; x_wconf 91' lang='lat' dir='ltr'>verso</span> <span class='ocrx_word' id='word_1_208' title='bbox 450 1529 605 1566; x_wconf 87' lang='lat' dir='ltr'>corpore</span> <span class='ocrx_word' id='word_1_209' title='bbox 628 1516 673 1553; x_wconf 86' lang='lat' dir='ltr'>ad</span> <span class='ocrx_word' id='word_1_210' title='bbox 700 1528 763 1554; x_wconf 90' lang='lat' dir='ltr'>cor</span> <span class='ocrx_word' id='word_1_211' title='bbox 778 1528 841 1565; x_wconf 89' lang='lat' dir='ltr'>per</span> <span class='ocrx_word' id='word_1_212' title='bbox 861 1516 1122 1565; x_wconf 76' lang='lat' dir='ltr'>venas-sanguis</span> <span class='ocrx_word' id='word_1_213' title='bbox 1140 1515 1242 1553; x_wconf 89' lang='lat' dir='ltr'>redit.</span> <span class='ocrx_word' id='word_1_214' title='bbox 1277 1515 1421 1553; x_wconf 89' lang='lat' dir='ltr'>Tumor</span> <span class='ocrx_word' id='word_1_215' title='bbox 1443 1517 1542 1552; x_wconf 85' lang='lat' dir='ltr'>enim</span> <span class='ocrx_word' id='word_1_216' title='bbox 1570 1516 1636 1552; x_wconf 89' lang='lat' dir='ltr'>erit</span> <span class='ocrx_word' id='word_1_217' title='bbox 1661 1516 1753 1552; x_wconf 89' lang='lat' dir='ltr'>inter</span> <span class='ocrx_word' id='word_1_218' title='bbox 1772 1521 1866 1552; x_wconf 86' lang='lat' dir='ltr'>artus</span> <span class='ocrx_word' id='word_1_219' title='bbox 1884 1515 1920 1552; x_wconf 90' lang='lat'>&amp;</span> 
     </span>
     <span class='ocr_line' id='line_1_21' title="bbox 325 1573 1923 1624; baseline -0.001 -11"><span class='ocrx_word' id='word_1_220' title='bbox 325 1575 514 1613; x_wconf 87' lang='lat' dir='ltr'>vinculum</span> <span class='ocrx_word' id='word_1_221' title='bbox 529 1604 538 1618; x_wconf 88' lang='lat'>,</span> <span class='ocrx_word' id='word_1_222' title='bbox 573 1587 658 1612; x_wconf 90' lang='lat' dir='ltr'>cum</span> <span class='ocrx_word' id='word_1_223' title='bbox 676 1574 817 1624; x_wconf 85' lang='lat' dir='ltr'>sanguis</span> <span class='ocrx_word' id='word_1_224' title='bbox 841 1587 858 1612; x_wconf 91' lang='lat' dir='ltr'>a</span> <span class='ocrx_word' id='word_1_225' title='bbox 877 1577 1036 1613; x_wconf 88' lang='lat' dir='ltr'>minimis</span> <span class='ocrx_word' id='word_1_226' title='bbox 1057 1587 1157 1612; x_wconf 80' lang='lat' dir='ltr'>venae</span> <span class='ocrx_word' id='word_1_227' title='bbox 1177 1575 1284 1612; x_wconf 84' lang='lat' dir='ltr'>ramis</span> <span class='ocrx_word' id='word_1_228' title='bbox 1305 1576 1446 1617; x_wconf 81' lang='lat' dir='ltr'>veniat,</span> <span class='ocrx_word' id='word_1_229' title='bbox 1479 1575 1546 1611; x_wconf 90' lang='lat' dir='ltr'>iter</span> <span class='ocrx_word' id='word_1_230' title='bbox 1572 1586 1660 1611; x_wconf 87' lang='lat' dir='ltr'>vero</span> <span class='ocrx_word' id='word_1_231' title='bbox 1675 1573 1779 1612; x_wconf 86' lang='lat' dir='ltr'>suum</span> <span class='ocrx_word' id='word_1_232' title='bbox 1806 1573 1923 1623; x_wconf 91' lang='lat' dir='ltr'>perse-</span> 
     </span>
     <span class='ocr_line' id='line_1_22' title="bbox 327 1633 1923 1684; baseline -0.001 -12"><span class='ocrx_word' id='word_1_233' title='bbox 327 1637 390 1684; x_wconf 92' lang='lat' dir='ltr'>qui</span> <span class='ocrx_word' id='word_1_234' title='bbox 402 1634 656 1683; x_wconf 86' lang='lat' dir='ltr'>prohibeatur,</span> <span class='ocrx_word' id='word_1_235' title='bbox 689 1635 725 1671; x_wconf 86' lang='lat'>&amp;</span> <span class='ocrx_word' id='word_1_236' title='bbox 744 1634 836 1672; x_wconf 83' lang='lat' dir='ltr'>ultra</span> <span class='ocrx_word' id='word_1_237' title='bbox 850 1634 985 1677; x_wconf 88' lang='lat' dir='ltr'>linum,</span> <span class='ocrx_word' id='word_1_238' title='bbox 1022 1634 1124 1671; x_wconf 90' lang='lat' dir='ltr'>cordi</span> <span class='ocrx_word' id='word_1_239' title='bbox 1145 1635 1338 1683; x_wconf 79' lang='lat' dir='ltr'>propriuS,</span> <span class='ocrx_word' id='word_1_240' title='bbox 1369 1646 1459 1671; x_wconf 89' lang='lat' dir='ltr'>vena</span> <span class='ocrx_word' id='word_1_241' title='bbox 1475 1662 1484 1676; x_wconf 90' lang='lat'>,</span> <span class='ocrx_word' id='word_1_242' title='bbox 1510 1645 1594 1671; x_wconf 88' lang='lat' dir='ltr'>cum</span> <span class='ocrx_word' id='word_1_243' title='bbox 1617 1633 1707 1670; x_wconf 90' lang='lat' dir='ltr'>nihil</span> <span class='ocrx_word' id='word_1_244' title='bbox 1735 1645 1835 1671; x_wconf 89' lang='lat' dir='ltr'>nunc</span> <span class='ocrx_word' id='word_1_245' title='bbox 1866 1644 1923 1670; x_wconf 82' lang='lat' dir='ltr'>ac-</span> 
     </span>
     <span class='ocr_line' id='line_1_23' title="bbox 326 1689 1921 1742; baseline -0.001 -12"><span class='ocrx_word' id='word_1_246' title='bbox 326 1696 434 1742; x_wconf 81' lang='lat' dir='ltr'>cipiat</span> <span class='ocrx_word' id='word_1_247' title='bbox 448 1722 457 1736; x_wconf 91' lang='lat'>‚</span> <span class='ocrx_word' id='word_1_248' title='bbox 479 1693 650 1742; x_wconf 84' lang='lat' dir='ltr'>sanguine</span> <span class='ocrx_word' id='word_1_249' title='bbox 666 1705 730 1742; x_wconf 91' lang='lat' dir='ltr'>per</span> <span class='ocrx_word' id='word_1_250' title='bbox 758 1693 944 1731; x_wconf 88' lang='lat' dir='ltr'>vinculum</span> <span class='ocrx_word' id='word_1_251' title='bbox 963 1693 1084 1730; x_wconf 86' lang='lat' dir='ltr'>averso</span> <span class='ocrx_word' id='word_1_252' title='bbox 1105 1722 1114 1735; x_wconf 92' lang='lat'><strong><em>‚</em></strong></span> <span class='ocrx_word' id='word_1_253' title='bbox 1155 1693 1376 1730; x_wconf 86' lang='lat' dir='ltr'>detumescet</span> <span class='ocrx_word' id='word_1_254' title='bbox 1402 1693 1438 1730; x_wconf 86' lang='lat'>&amp;</span> <span class='ocrx_word' id='word_1_255' title='bbox 1468 1694 1656 1730; x_wconf 89' lang='lat' dir='ltr'>inanietur.</span> <span class='ocrx_word' id='word_1_256' title='bbox 1709 1689 1791 1730; x_wconf 84' lang='lat' dir='ltr'>Erat</span> <span class='ocrx_word' id='word_1_257' title='bbox 1813 1703 1921 1741; x_wconf 86' lang='lat' dir='ltr'>expe-</span> 
     </span>
     <span class='ocr_line' id='line_1_24' title="bbox 327 1751 1598 1801; baseline -0.002 -12"><span class='ocrx_word' id='word_1_258' title='bbox 327 1754 525 1789; x_wconf 89' lang='lat' dir='ltr'>rimentum</span> <span class='ocrx_word' id='word_1_259' title='bbox 556 1754 690 1794; x_wconf 80' lang='lat' dir='ltr'>crucis,</span> <span class='ocrx_word' id='word_1_260' title='bbox 736 1754 790 1789; x_wconf 93' lang='lat' dir='ltr'>uti</span> <span class='ocrx_word' id='word_1_261' title='bbox 815 1751 1023 1801; x_wconf 81' lang='lat' dir='ltr'>Franciscus</span> <span class='ocrx_word' id='word_1_262' title='bbox 1047 1751 1073 1789; x_wconf 95' lang='lat' dir='ltr'>B</span> <span class='ocrx_word' id='word_1_263' title='bbox 1090 1764 1182 1789; x_wconf 74' lang='lat' dir='ltr'>Aeo</span> <span class='ocrx_word' id='word_1_264' title='bbox 1199 1764 1222 1788; x_wconf 84' lang='lat' dir='ltr'>N</span> <span class='ocrx_word' id='word_1_265' title='bbox 1249 1765 1287 1789; x_wconf 87' lang='lat' dir='ltr'>ea</span> <span class='ocrx_word' id='word_1_266' title='bbox 1313 1764 1407 1789; x_wconf 87' lang='lat' dir='ltr'>voce</span> <span class='ocrx_word' id='word_1_267' title='bbox 1433 1751 1515 1789; x_wconf 88' lang='lat' dir='ltr'>usus</span> <span class='ocrx_word' id='word_1_268' title='bbox 1541 1752 1598 1788; x_wconf 89' lang='lat' dir='ltr'>est.</span> 
     </span>
    </p>

    <p class='ocr_par' dir='ltr' id='par_1_5' title="bbox 329 1810 1926 2215">
     <span class='ocr_line' id='line_1_25' title="bbox 386 1810 1922 1860; baseline -0.002 -11"><span class='ocrx_word' id='word_1_269' title='bbox 386 1811 489 1849; x_wconf 89' lang='lat' dir='ltr'>Fecit</span> <span class='ocrx_word' id='word_1_270' title='bbox 514 1810 551 1848; x_wconf 92' lang='lat' dir='ltr'><strong>H</strong></span> <span class='ocrx_word' id='word_1_271' title='bbox 566 1823 587 1846; x_wconf 85' lang='lat' dir='ltr'><strong>A</strong></span> <span class='ocrx_word' id='word_1_272' title='bbox 602 1822 691 1847; x_wconf 83' lang='lat' dir='ltr'>RVE</span> <span class='ocrx_word' id='word_1_273' title='bbox 706 1823 718 1847; x_wconf 84' lang='lat'>1</span> <span class='ocrx_word' id='word_1_274' title='bbox 733 1823 756 1846; x_wconf 81' lang='lat' dir='ltr'>u</span> <span class='ocrx_word' id='word_1_275' title='bbox 772 1824 786 1848; x_wconf 90' lang='lat' dir='ltr'>s</span> <span class='ocrx_word' id='word_1_276' title='bbox 804 1839 813 1853; x_wconf 88' lang='lat'>,</span> <span class='ocrx_word' id='word_1_277' title='bbox 847 1811 1009 1848; x_wconf 87' lang='lat' dir='ltr'>fecerunt</span> <span class='ocrx_word' id='word_1_278' title='bbox 1037 1823 1081 1848; x_wconf 88' lang='lat' dir='ltr'>eo</span> <span class='ocrx_word' id='word_1_279' title='bbox 1104 1823 1181 1848; x_wconf 81' lang='lat' dir='ltr'>aevo</span> <span class='ocrx_word' id='word_1_280' title='bbox 1207 1811 1355 1860; x_wconf 87' lang='lat' dir='ltr'>plurimi</span> <span class='ocrx_word' id='word_1_281' title='bbox 1379 1812 1599 1853; x_wconf 86' lang='lat' dir='ltr'>anatomici,</span> <span class='ocrx_word' id='word_1_282' title='bbox 1641 1821 1801 1859; x_wconf 88' lang='lat' dir='ltr'>quorum</span> <span class='ocrx_word' id='word_1_283' title='bbox 1828 1810 1922 1858; x_wconf 89' lang='lat' dir='ltr'>peri-</span> 
     </span>
     <span class='ocr_line' id='line_1_26' title="bbox 329 1868 1924 1918; baseline -0.002 -10"><span class='ocrx_word' id='word_1_284' title='bbox 329 1870 410 1909; x_wconf 83' lang='lat' dir='ltr'>cula</span> <span class='ocrx_word' id='word_1_285' title='bbox 431 1869 622 1917; x_wconf 68' lang='lat' dir='ltr'>conjuncta</span> <span class='ocrx_word' id='word_1_286' title='bbox 645 1881 873 1918; x_wconf 87' lang='lat' dir='ltr'>proponam,</span> <span class='ocrx_word' id='word_1_287' title='bbox 910 1877 950 1907; x_wconf 90' lang='lat' dir='ltr'>ut</span> <span class='ocrx_word' id='word_1_288' title='bbox 965 1870 1104 1907; x_wconf 87' lang='lat' dir='ltr'>constet</span> <span class='ocrx_word' id='word_1_289' title='bbox 1120 1871 1157 1906; x_wconf 89' lang='lat' dir='ltr'>in</span> <span class='ocrx_word' id='word_1_290' title='bbox 1174 1868 1371 1907; x_wconf 83' lang='lat' dir='ltr'>numerosis</span> <span class='ocrx_word' id='word_1_291' title='bbox 1397 1868 1496 1907; x_wconf 80' lang='lat' dir='ltr'>venIS</span> <span class='ocrx_word' id='word_1_292' title='bbox 1512 1897 1521 1911; x_wconf 91' lang='lat'>‚</span> <span class='ocrx_word' id='word_1_293' title='bbox 1560 1870 1595 1906; x_wconf 72' lang='grc' dir='ltr'>δε</span> <span class='ocrx_word' id='word_1_294' title='bbox 1618 1870 1810 1912; x_wconf 88' lang='lat' dir='ltr'>omnibus,</span> <span class='ocrx_word' id='word_1_295' title='bbox 1843 1881 1924 1918; x_wconf 90' lang='lat' dir='ltr'>per-</span> 
     </span>
     <span class='ocr_line' id='line_1_27' title="bbox 329 1926 1923 1977; baseline -0.001 -11"><span class='ocrx_word' id='word_1_296' title='bbox 329 1929 416 1966; x_wconf 89' lang='lat' dir='ltr'>inde</span> <span class='ocrx_word' id='word_1_297' title='bbox 459 1939 584 1967; x_wconf 88' lang='lat' dir='ltr'>verum</span> <span class='ocrx_word' id='word_1_298' title='bbox 611 1936 783 1965; x_wconf 88' lang='lat' dir='ltr'>eventum</span> <span class='ocrx_word' id='word_1_299' title='bbox 812 1927 903 1971; x_wconf 86' lang='lat' dir='ltr'>effe,</span> <span class='ocrx_word' id='word_1_300' title='bbox 947 1940 1022 1977; x_wconf 91' lang='lat' dir='ltr'>quo</span> <span class='ocrx_word' id='word_1_301' title='bbox 1045 1930 1216 1966; x_wconf 88' lang='lat' dir='ltr'>circuitus</span> <span class='ocrx_word' id='word_1_302' title='bbox 1245 1927 1425 1976; x_wconf 83' lang='lat' dir='ltr'>sanguinis</span> <span class='ocrx_word' id='word_1_303' title='bbox 1459 1930 1594 1966; x_wconf 89' lang='lat' dir='ltr'>nititur.</span> <span class='ocrx_word' id='word_1_304' title='bbox 1639 1926 1737 1977; x_wconf 81' lang='lat' dir='ltr'>Ergo</span> <span class='ocrx_word' id='word_1_305' title='bbox 1767 1929 1807 1965; x_wconf 94' lang='lat' dir='ltr'>in</span> <span class='ocrx_word' id='word_1_306' title='bbox 1832 1940 1923 1965; x_wconf 87' lang='lat' dir='ltr'>vena</span> 
     </span>
     <span class='ocr_line' id='line_1_28' title="bbox 330 1986 1924 2038; baseline -0.001 -13"><span class='ocrx_word' id='word_1_307' title='bbox 330 2001 415 2027; x_wconf 82' lang='lat' dir='ltr'>cava</span> <span class='ocrx_word' id='word_1_308' title='bbox 436 1987 607 2037; x_wconf 89' lang='lat' dir='ltr'>serpentis</span> <span class='ocrx_word' id='word_1_309' title='bbox 638 1986 674 2025; x_wconf 93' lang='lat' dir='ltr'><strong>H</strong></span> <span class='ocrx_word' id='word_1_310' title='bbox 690 1999 785 2025; x_wconf 73' lang='lat' dir='ltr'>ARV</span> <span class='ocrx_word' id='word_1_311' title='bbox 799 1999 819 2025; x_wconf 77' lang='lat' dir='ltr'>E</span> <span class='ocrx_word' id='word_1_312' title='bbox 833 2000 845 2023; x_wconf 92' lang='lat'>1</span> <span class='ocrx_word' id='word_1_313' title='bbox 864 1999 885 2024; x_wconf 85' lang='lat' dir='ltr'>u</span> <span class='ocrx_word' id='word_1_314' title='bbox 901 2000 916 2024; x_wconf 79' lang='lat' dir='ltr'>s</span> <span class='ocrx_word' id='word_1_315' title='bbox 941 1987 1031 2024; x_wconf 88' lang='lat' dir='ltr'>vidit</span> <span class='ocrx_word' id='word_1_316' title='bbox 1062 1986 1078 2038; x_wconf 88' lang='lat'>(</span> <span class='ocrx_word' id='word_1_317' title='bbox 1094 1988 1117 2024; x_wconf 78' lang='lat' dir='ltr'><strong><em>d</em></strong></span> <span class='ocrx_word' id='word_1_318' title='bbox 1133 1988 1151 2035; x_wconf 86' lang='lat'><em>)</em></span> <span class='ocrx_word' id='word_1_319' title='bbox 1169 2016 1178 2030; x_wconf 86' lang='lat'>‚</span> <span class='ocrx_word' id='word_1_320' title='bbox 1215 1987 1362 2024; x_wconf 87' lang='lat' dir='ltr'>vinculo</span> <span class='ocrx_word' id='word_1_321' title='bbox 1386 1987 1516 2034; x_wconf 63' lang='lat' dir='ltr'>injeclo</span> <span class='ocrx_word' id='word_1_322' title='bbox 1534 2015 1543 2029; x_wconf 85' lang='lat'>,</span> <span class='ocrx_word' id='word_1_323' title='bbox 1576 1993 1637 2024; x_wconf 83' lang='lat' dir='ltr'>aut</span> <span class='ocrx_word' id='word_1_324' title='bbox 1652 1986 1828 2035; x_wconf 78' lang='lat' dir='ltr'>pressione</span> <span class='ocrx_word' id='word_1_325' title='bbox 1846 1989 1924 2023; x_wconf 88' lang='lat' dir='ltr'>vin-</span> 
     </span>
     <span class='ocr_line' id='line_1_29' title="bbox 329 2043 1924 2095; baseline -0.002 -10"><span class='ocrx_word' id='word_1_326' title='bbox 329 2047 403 2085; x_wconf 83' lang='lat' dir='ltr'>culi</span> <span class='ocrx_word' id='word_1_327' title='bbox 432 2047 559 2084; x_wconf 84' lang='lat' dir='ltr'>aemula</span> <span class='ocrx_word' id='word_1_328' title='bbox 585 2046 741 2084; x_wconf 88' lang='lat' dir='ltr'>adhibita</span> <span class='ocrx_word' id='word_1_329' title='bbox 758 2075 767 2088; x_wconf 91' lang='lat'>‚</span> <span class='ocrx_word' id='word_1_330' title='bbox 806 2058 884 2084; x_wconf 86' lang='lat' dir='ltr'>eam</span> <span class='ocrx_word' id='word_1_331' title='bbox 915 2059 1043 2084; x_wconf 89' lang='lat' dir='ltr'>venam</span> <span class='ocrx_word' id='word_1_332' title='bbox 1074 2046 1192 2084; x_wconf 86' lang='lat' dir='ltr'>versus</span> <span class='ocrx_word' id='word_1_333' title='bbox 1216 2047 1335 2084; x_wconf 84' lang='lat' dir='ltr'>cordis</span> <span class='ocrx_word' id='word_1_334' title='bbox 1362 2046 1481 2083; x_wconf 88' lang='lat' dir='ltr'>sedem</span> <span class='ocrx_word' id='word_1_335' title='bbox 1499 2043 1759 2095; x_wconf 85' lang='lat' dir='ltr'>expallescere,</span> <span class='ocrx_word' id='word_1_336' title='bbox 1797 2047 1832 2082; x_wconf 72' lang='grc' dir='ltr'>δι’</span> <span class='ocrx_word' id='word_1_337' title='bbox 1850 2048 1924 2083; x_wconf 87' lang='lat' dir='ltr'>ina-</span> 
     </span>
     <span class='ocr_line' id='line_1_30' title="bbox 331 2104 1925 2155; baseline -0.001 -11"><span class='ocrx_word' id='word_1_338' title='bbox 331 2107 400 2146; x_wconf 80' lang='lat' dir='ltr'>niri</span> <span class='ocrx_word' id='word_1_339' title='bbox 417 2135 426 2149; x_wconf 91' lang='lat'>,</span> <span class='ocrx_word' id='word_1_340' title='bbox 455 2108 491 2144; x_wconf 84' lang='lat'>&amp;</span> <span class='ocrx_word' id='word_1_341' title='bbox 520 2106 667 2144; x_wconf 82' lang='lat' dir='ltr'>vinculo</span> <span class='ocrx_word' id='word_1_342' title='bbox 684 2134 693 2148; x_wconf 86' lang='lat'>,</span> <span class='ocrx_word' id='word_1_343' title='bbox 730 2112 790 2143; x_wconf 87' lang='lat' dir='ltr'>aut</span> <span class='ocrx_word' id='word_1_344' title='bbox 813 2104 1008 2155; x_wconf 86' lang='lat' dir='ltr'>preffione.</span> <span class='ocrx_word' id='word_1_345' title='bbox 1043 2113 1188 2143; x_wconf 88' lang='lat' dir='ltr'>remoto</span> <span class='ocrx_word' id='word_1_346' title='bbox 1214 2107 1345 2144; x_wconf 89' lang='lat' dir='ltr'>iterum</span> <span class='ocrx_word' id='word_1_347' title='bbox 1368 2105 1542 2154; x_wconf 81' lang='lat' dir='ltr'>sanguine</span> <span class='ocrx_word' id='word_1_348' title='bbox 1560 2105 1699 2154; x_wconf 88' lang='lat' dir='ltr'>repleri.</span> <span class='ocrx_word' id='word_1_349' title='bbox 1732 2104 1775 2142; x_wconf 91' lang='lat' dir='ltr'>In</span> <span class='ocrx_word' id='word_1_350' title='bbox 1799 2105 1925 2142; x_wconf 87' lang='lat' dir='ltr'>eadem</span> 
     </span>
     <span class='ocr_line' id='line_1_31' title="bbox 332 2163 1926 2215; baseline -0.001 -13"><span class='ocrx_word' id='word_1_351' title='bbox 332 2177 423 2212; x_wconf 68' lang='lat' dir='ltr'>¹vena</span> <span class='ocrx_word' id='word_1_352' title='bbox 440 2186 470 2210; x_wconf 83' lang='lat'>,·</span> <span class='ocrx_word' id='word_1_353' title='bbox 486 2166 588 2215; x_wconf 88' lang='lat' dir='ltr'>supra</span> <span class='ocrx_word' id='word_1_354' title='bbox 613 2165 722 2214; x_wconf 87' lang='lat' dir='ltr'>hepar</span> <span class='ocrx_word' id='word_1_355' title='bbox 747 2164 894 2203; x_wconf 82' lang='lat' dir='ltr'>vinculo</span> <span class='ocrx_word' id='word_1_356' title='bbox 910 2164 1088 2208; x_wconf 63' lang='lat' dir='ltr'>adstricla,</span> <span class='ocrx_word' id='word_1_357' title='bbox 1121 2164 1240 2202; x_wconf 81' lang='lat' dir='ltr'>similis</span> <span class='ocrx_word' id='word_1_358' title='bbox 1264 2173 1413 2203; x_wconf 84' lang='lat' dir='ltr'>eventus</span> <span class='ocrx_word' id='word_1_359' title='bbox 1441 2166 1732 2215; x_wconf 85' lang='lat' dir='ltr'>experimentum</span> <span class='ocrx_word' id='word_1_360' title='bbox 1752 2163 1836 2202; x_wconf 83' lang='lat' dir='ltr'>fecit</span> <span class='ocrx_word' id='word_1_361' title='bbox 1855 2164 1926 2210; x_wconf 87' lang='lat' dir='ltr'>Jo-</span> 
     </span>
    </p>
   </div>
   <div class='ocr_carea' id='block_1_5' title="bbox 1839 2224 1926 2261">
    <p class='ocr_par' dir='ltr' id='par_1_6' title="bbox 1839 2224 1926 2261">
     <span class='ocr_line' id='line_1_32' title="bbox 1839 2224 1926 2261; baseline -0.023 0"><span class='ocrx_word' id='word_1_362' title='bbox 1839 2224 1926 2261; x_wconf 77' lang='lat' dir='ltr'>hcm-</span> 
     </span>
    </p>
   </div>
   <div class='ocr_carea' id='block_1_6' title="bbox 334 2337 1923 2502">
    <p class='ocr_par' dir='ltr' id='par_1_7' title="bbox 334 2337 1923 2421">
     <span class='ocr_line' id='line_1_33' title="bbox 375 2337 1923 2379; baseline -0.001 -11"><span class='ocrx_word' id='word_1_363' title='bbox 375 2338 451 2376; x_wconf 78' lang='lat' dir='ltr'>(h)</span> <span class='ocrx_word' id='word_1_364' title='bbox 475 2340 580 2369; x_wconf 72' lang='lat' dir='ltr'>Second</span> <span class='ocrx_word' id='word_1_365' title='bbox 604 2340 747 2370; x_wconf 83' lang='lat' dir='ltr'>Memoire</span> <span class='ocrx_word' id='word_1_366' title='bbox 762 2338 819 2378; x_wconf 77' lang='lat' dir='ltr'>sur</span> <span class='ocrx_word' id='word_1_367' title='bbox 838 2341 860 2369; x_wconf 81' lang='lat' dir='ltr'>le</span> <span class='ocrx_word' id='word_1_368' title='bbox 881 2348 1060 2371; x_wconf 77' lang='lat' dir='ltr'>mouvement</span> <span class='ocrx_word' id='word_1_369' title='bbox 1085 2342 1124 2370; x_wconf 83' lang='lat' dir='ltr'>du</span> <span class='ocrx_word' id='word_1_370' title='bbox 1140 2339 1224 2379; x_wconf 78' lang='lat' dir='ltr'>fimg.</span> <span class='ocrx_word' id='word_1_371' title='bbox 1251 2339 1328 2378; x_wconf 82' lang='lat' dir='ltr'>Exp.</span> <span class='ocrx_word' id='word_1_372' title='bbox 1359 2348 1425 2379; x_wconf 76' lang='lat'>153.</span> <span class='ocrx_word' id='word_1_373' title='bbox 1455 2349 1522 2378; x_wconf 79' lang='lat'>154.</span> <span class='ocrx_word' id='word_1_374' title='bbox 1558 2348 1622 2379; x_wconf 78' lang='lat'>157.</span> <span class='ocrx_word' id='word_1_375' title='bbox 1661 2342 1726 2371; x_wconf 83' lang='lat'>160.</span> <span class='ocrx_word' id='word_1_376' title='bbox 1756 2337 1821 2370; x_wconf 78' lang='lat'><strong>1⁴61.</strong></span> <span class='ocrx_word' id='word_1_377' title='bbox 1859 2340 1923 2375; x_wconf 77' lang='lat'>165.</span> 
     </span>
     <span class='ocr_line' id='line_1_34' title="bbox 334 2383 1464 2421; baseline 0.003 -11"><span class='ocrx_word' id='word_1_378' title='bbox 334 2383 404 2411; x_wconf 63' lang='lat'>166.</span> <span class='ocrx_word' id='word_1_379' title='bbox 441 2383 506 2414; x_wconf 85' lang='lat'><strong>¹67·</strong></span> <span class='ocrx_word' id='word_1_380' title='bbox 538 2389 602 2417; x_wconf 87' lang='lat'><em>170.</em></span> <span class='ocrx_word' id='word_1_381' title='bbox 637 2389 700 2417; x_wconf 78' lang='lat'><strong>17¹·</strong></span> <span class='ocrx_word' id='word_1_382' title='bbox 732 2384 795 2417; x_wconf 90' lang='lat'>176.</span> <span class='ocrx_word' id='word_1_383' title='bbox 824 2390 892 2419; x_wconf 85' lang='lat'><em>177-</em></span> <span class='ocrx_word' id='word_1_384' title='bbox 923 2388 1077 2419; x_wconf 81' lang='lat'><strong>173.179.</strong></span> <span class='ocrx_word' id='word_1_385' title='bbox 1109 2388 1173 2416; x_wconf 83' lang='lat'>¹80.</span> <span class='ocrx_word' id='word_1_386' title='bbox 1201 2387 1264 2415; x_wconf 80' lang='lat'><em>182.</em></span> <span class='ocrx_word' id='word_1_387' title='bbox 1297 2386 1361 2421; x_wconf 78' lang='lat'>187.</span> <span class='ocrx_word' id='word_1_388' title='bbox 1396 2388 1464 2420; x_wconf 69' lang='lat'><strong><em>19¹2.</em></strong></span> 
     </span>
    </p>

    <p class='ocr_par' dir='ltr' id='par_1_8' title="bbox 375 2419 1306 2462">
     <span class='ocr_line' id='line_1_35' title="bbox 375 2419 1306 2462; baseline 0.004 -14"><span class='ocrx_word' id='word_1_389' title='bbox 375 2420 388 2455; x_wconf 94' lang='lat'>(</span> <span class='ocrx_word' id='word_1_390' title='bbox 410 2420 452 2456; x_wconf 82' lang='lat' dir='ltr'>c)</span> <span class='ocrx_word' id='word_1_391' title='bbox 475 2419 520 2449; x_wconf 70' lang='lat' dir='ltr'>T:</span> <span class='ocrx_word' id='word_1_392' title='bbox 535 2430 646 2451; x_wconf 70' lang='lat' dir='ltr'>LLAN</span> <span class='ocrx_word' id='word_1_393' title='bbox 664 2430 707 2449; x_wconf 77' lang='lat' dir='ltr'>ns</span> <span class='ocrx_word' id='word_1_394' title='bbox 736 2420 765 2449; x_wconf 92' lang='lat' dir='ltr'>in</span> <span class='ocrx_word' id='word_1_395' title='bbox 790 2421 858 2460; x_wconf 80' lang='lat' dir='ltr'>disp.</span> <span class='ocrx_word' id='word_1_396' title='bbox 884 2423 917 2452; x_wconf 76' lang='lat' dir='ltr'>de</span> <span class='ocrx_word' id='word_1_397' title='bbox 940 2424 1071 2462; x_wconf 74' lang='lat' dir='ltr'>atrophia</span> <span class='ocrx_word' id='word_1_398' title='bbox 1098 2423 1192 2454; x_wconf 81' lang='lat' dir='ltr'>Leidae</span> <span class='ocrx_word' id='word_1_399' title='bbox 1220 2425 1306 2460; x_wconf 77' lang='lat'><strong>1670.</strong></span> 
     </span>
    </p>

    <p class='ocr_par' dir='ltr' id='par_1_9' title="bbox 375 2460 779 2502">
     <span class='ocr_line' id='line_1_36' title="bbox 375 2460 779 2502; baseline 0.002 -13"><span class='ocrx_word' id='word_1_400' title='bbox 375 2460 455 2498; x_wconf 77' lang='lat' dir='ltr'>(d)</span> <span class='ocrx_word' id='word_1_401' title='bbox 478 2460 495 2492; x_wconf 85' lang='lat' dir='ltr'>l.</span> <span class='ocrx_word' id='word_1_402' title='bbox 519 2470 543 2492; x_wconf 87' lang='lat' dir='ltr'>c.</span> <span class='ocrx_word' id='word_1_403' title='bbox 567 2470 591 2491; x_wconf 90' lang='lat' dir='ltr'>c.</span> <span class='ocrx_word' id='word_1_404' title='bbox 612 2460 651 2494; x_wconf 81' lang='lat' dir='ltr'>X.</span> <span class='ocrx_word' id='word_1_405' title='bbox 677 2470 705 2500; x_wconf 77' lang='lat' dir='ltr'>p.</span> <span class='ocrx_word' id='word_1_406' title='bbox 725 2469 779 2502; x_wconf 21' lang='lat'>*94-</span> 
     </span>
    </p>
   </div>
  </div>
 </body>
</html>
