2003 2748
542 161 770 202 SEC‘T.
835 161 923 202 IV.
987 162 1266 202 ADEPS.
1640 175 1694 212 27

102 260 210 309 adeps
235 258 374 302 reddit,
405 265 512 308 atque
534 271 572 296 ea
591 261 695 308 copia
719 259 764 296 ad
787 258 924 296 senium
946 258 1056 308 usque
1077 259 1204 302 durat,
1233 261 1269 296 in
1293 271 1368 308 quo
1390 258 1512 297 denuo
1537 259 1696 298 diminu-

106 327 164 357 tus
191 319 337 356 tan-‚lem
356 330 449 367 pene
478 318 641 367 undique
659 318 856 361 evanescit,
894 319 929 355 Sc
956 319 1088 356 iterum
1105 318 1315 357 rubicundae
1343 319 1507 368 gelatinae
1526 319 1611 356 loco
1638 331 1695 356 ce-

108 379 184 420 dit,
220 380 321 426 cujus
341 377 460 414 sedem
486 378 524 414 in
547 377 622 414 fetu
645 387 891 426 occupaverat.

167 437 346 486 Perpetuo
359 444 478 473 tamen
491 436 585 473 abest
600 449 617 473 a
630 436 715 485 deps
728 449 746 473 a
759 436 926 485 plusculis
946 439 1110 486 corporis
1121 437 1270 474 humani
1287 438 1456 486 partibus.
1477 437 1691 482 Cerebrum,

110 498 146 534 ἃ
164 495 381 533 cerebellum
396 494 526 544 absque
543 495 647 544 adipe
670 495 749 532 sunt
764 525 774 538 ,
809 495 873 532 nisi
895 495 988 533 forte
1013 496 1200 544 glandulas
1218 496 1400 533 verticales
1429 497 1473 534 ad
1501 509 1585 534 eum
1606 498 1697 535 refe-

107 568 161 592 ras
181 583 190 597 ,
226 567 304 603 quae
324 554 357 591 R
369 566 390 590 U
403 565 427 590 v
439 567 453 590 s
465 566 487 590 c
500 566 525 590 H
539 566 551 590 1
567 566 580 590 1
614 554 818 602 conjectura
836 554 904 592 fuit
928 554 989 601 (g
1004 556 1019 601 )
1036 567 1046 600 3
1075 555 1217 592 alterius
1234 562 1355 592 autem
1375 556 1499 604 utique
1518 557 1553 593 ὃς
1573 556 1697 594 durio-

106 615 154 650 ris
181 614 322 662 generis
344 612 478 650 eaedem
501 613 589 649 mihi
615 613 693 650 visae
714 614 804 651 sunt.
838 613 881 651 In
905 613 1059 662 piscibus
1083 624 1205 651 tamen
1234 616 1379 651 marinis
1396 642 1404 656 ‚
1443 614 1469 651 fi
1495 627 1577 652 vera
1603 616 1698 654 fama

113 672 181 715 est,
209 672 381 709 medioin
394 671 680 710 oleocerebrum
699 680 804 710 natat.
838 672 944 710 Parca
957 685 1068 721 porro
1085 673 1273 722 pinguedo
1289 674 1337 710 est
1352 674 1396 711 ad
1415 674 1607 712 nonnullas
1629 675 1698 724 pli-
1729 685 1733 689 ·

94 744 163 769 ..cas
177 739 342 768 cutaneas
355 760 364 773 ,
385 732 423 767 in
437 732 567 780 quibus
581 732 654 769 duo
668 733 761 769 inter
772 733 897 770 tubera
913 732 1083 770 vallecula
1095 732 1126 769 se
1138 734 1360 782 interponit,
1394 735 1446 771 uti
1462 736 1499 771 in
1518 733 1666 772 femoris
1681 764 1693 778 ,

107 803 192 830 cum
212 791 352 828 natibus
365 791 548 838 conjunffi
561 791 675 828 limite
693 793 710 840 (
724 791 747 829 h
765 792 794 840 ).
817 790 947 829 Parcus
959 792 1008 829 est
1019 792 1126 840 adeps
1138 794 1232 829 inter
1244 792 1424 830 musculos
1438 793 1636 831 nonnullos
1647 793 1697 831 la-

92 868 99 887 ε,
107 857 164 887 tos
181 850 217 886 &
228 859 404 899 perpetuo
418 858 523 887 motu
535 852 687 899 agitatos
700 879 709 893 ‚
732 858 773 888 ut
790 851 926 888 testum
940 852 1034 888 inter
1056 853 1092 888 ὃς
1110 852 1287 889 cruralem
1299 880 1308 894 ‚
1335 852 1643 899 gastrocnemium
1659 855 1698 890 Sc

93 908 278 947 :solearem
289 937 298 950 ,
321 907 478 958 aliosque
490 909 675 957 ejusmodi„
704 909 834 948 Parcus
849 910 897 946 est
906 911 945 947 in
959 910 1047 948 facie
1060 912 1230 948 exteriori
1242 910 1412 959 capillatae
1423 913 1514 949 cutis
1526 940 1535 954 ‚
1558 913 1594 948 in
1610 910 1698 950 colli

103 975 206 1018 ,parte
216 997 225 1010 ‚
246 980 354 1017 quam
366 968 511 1006 sublinit
523 968 692 1018 platysma
705 969 867 1018 myodes,
889 970 925 1006 in
937 970 1067 1012 fronte,
1086 982 1104 1007 a
1116 982 1184 1019 qua
1196 969 1308 1007 abeffe
1320 972 1406 1007 varii
1419 971 1577 1009 auctiores
1589 970 1698 1021 scrip-

105 1027 237 1070 serunt,
260 1039 278 1063 a
308 1027 461 1064 Smne
479 1039 565 1064 LIO
585 1028 828 1076 refutati(z')
854 1028 1339 1079 &aRuvscn10(le)‚
1368 1031 1479 1080 inque
1499 1031 1693 1080 palpebra,

106 1086 287 1135 scrotique
304 1093 402 1135 parte
419 1088 608 1129 exteriori,
639 1089 792 1125 interius
807 1089 963 1125 uberior.
993 1087 1150 1126 Videtur
1167 1087 1299 1131 abesse,
1332 1090 1542 1139 ubicunque
1555 1091 1697 1139 pericu-

100 1145 184 1183 lum
210 1147 412 1182 maximum
439 1145 654 1195 compreffio
679 1146 789 1189 facit,
824 1154 865 1184 ut
885 1159 903 1184 a
929 1146 1106 1196 pulmone
1128 1148 1165 1184 δε
1194 1160 1213 1185 a
1231 1148 1380 1185 cerebro
1397 1177 1406 1191 ,
1444 1157 1504 1186 aut
1527 1149 1643 1186 sensus
1661 1162 1696 1187 a-

108 1206 183 1242 cuti
198 1203 378 1241 neceffitas
404 1204 519 1246 adest,
554 1213 594 1242 ut
610 1207 647 1241 in
663 1205 794 1253 glande
813 1207 938 1254 penis,
976 1205 1178 1251 clitoridi83
1212 1219 1339 1255 parcus
1369 1215 1491 1245 autem
1518 1211 1693 1257 reperiri,

107 1264 169 1300 ubi
189 1262 264 1300 vasa
291 1265 444 1311 exigua,
481 1266 585 1312 pauci
605 1263 781 1307 musculi,
811 1264 927 1302 frictio
954 1273 1127 1314 perpetua
1149 1265 1207 1303 est.
1244 1265 1379 1303 Contra
1396 1295 1405 1308 ,
1441 1278 1526 1304 cum
1551 1267 1696 1315 grandi-

86 1322 175 1360 bus
198 1321 365 1359 musculis
386 1322 644 1371 copiosissimus
671 1325 845 1373 reperitur
862 1353 871 1366 ,
910 1325 946 1360 Sc
968 1325 1125 1362 abundat
1146 1326 1238 1362 circa
1259 1324 1507 1364 musculorum
1531 1327 1697 1364 abdomi-

95 1383 162 1419 <nis
189 1389 328 1430 partem
350 1384 567 1419 anteriorem
582 1412 592 1426 ,
621 1390 701 1420 tum
720 1385 812 1421 circa
840 1384 1052 1421 interiorem
1073 1384 1243 1426 femoris,
1275 1385 1514 1434 eamdemque
1537 1385 1697 1436 superio-

98 1452 185 1478 vrem
217 1442 428 1489 regionem,
465 1443 608 1481 &ante
627 1443 759 1491 petius.
797 1442 945 1480 Glutaeis
961 1443 1128 1481 musculis
1146 1472 1155 1486 ,
1199 1443 1257 1481 sed
1284 1443 1391 1482 solius
1412 1444 1572 1482 hominis
1588 1474 1597 1488 ‚
1635 1457 1697 1483 co-

100 1501 166 1549 ·pia
193 1501 348 1537 maxima
369 1500 577 1548 subjicitur,
612 1514 731 1551 neque
753 1502 818 1539 alla
839 1510 925 1539 nota
946 1501 1053 1539 fimiae
1078 1503 1215 1541 facilius
1240 1503 1283 1540 ab
1308 1503 1459 1541 homine
1477 1504 1697 1553 dignoscun-

108 1566 168 1596 tur
184 1587 193 1601 ‚
229 1570 337 1607 quam
355 1561 492 1595 natium
513 1560 719 1607 gracilitate.
754 1560 902 1608 Magnae
926 1572 964 1597 ea
989 1563 1027 1597 in
1051 1561 1132 1598 sede
1159 1563 1195 1598 ἃ
1224 1563 1390 1599 rotundae
1406 1563 1521 1610 glebre
1553 1566 1697 1601 meria-

98 1617 202 1666 ,dipis
222 1618 260 1653 in
282 1629 376 1654 areas
401 1616 572 1656 fibrarum
591 1631 748 1656 rararum
779 1621 814 1655 &
835 1619 1042 1656 distantium
1069 1620 1316 1657 effunduntur.

167 1675 348 1713 Plurimus
367 1676 467 1713 albus
484 1705 493 1718 ‚
531 1678 568 1714 &
590 1677 732 1720 mollis,
762 1678 908 1726 latisque
930 1677 1045 1726 glebis
1070 1678 1303 1717 subrotundis
1323 1679 1431 1719 faetus
1452 1681 1560 1730 adeps
1574 1710 1583 1724 ,
1632 1684 1699 1719 cir-

97 1736 344 1783 f-,cumponitur
370 1734 549 1783 glandulae
573 1748 738 1774 mammae
759 1738 966 1779 muliebris,
1001 1738 1037 1774 δε
1063 1739 1253 1776 amabilem
1275 1739 1370 1776 illam
1392 1740 1699 1790 hemisphaericam

106 1793 261 1843 figuram
281 1792 398 1831 efficit.
435 1794 509 1832 Sub
527 1795 645 1844 planta
667 1797 768 1845 pedis
784 1825 793 1839 ‚
826 1796 963 1846 subque
983 1809 1159 1836 manuum
1188 1798 1269 1836 vola
1284 1800 1425 1842 mollis,
1460 1801 1603 1838 abunde
1619 1800 1700 1838 sub-

106 1855 249 1902 jicitur,
279 1865 362 1891 eum
382 1865 468 1891 vero
493 1853 603 1892 firmae
631 1855 806 1894 cellulosae
826 1856 922 1894 fibrae
948 1857 995 1893 ita
1020 1859 1326 1907 interstinguunt²
1359 1867 1399 1897 ut
1423 1859 1481 1897 sua
1506 1860 1587 1897 sede
1604 1872 1700 1910 quae-

102 1925 181 1963 *que
211 1912 315 1962 gleba
346 1912 534 1952 definiatur
559 1917 576 1961 <
592 1914 648 1961 l).

169 1971 266 2009 Inter
280 1973 427 2021 poplitis
445 1972 666 2013 musculosos
686 1975 867 2013 funiculos
881 1988 1022 2024 magnae
1044 1977 1157 2026 adipis
1178 1977 1293 2026 glebae
1310 2007 1319 2020 ‚
1355 1980 1500 2028 propria
1521 1980 1700 2017 membra-

104 2030 194 2069 2nula
218 2033 451 2070 continentur
467 2061 476 2075 ,
513 2034 548 2070 ἃ
567 2033 650 2071 alibi
675 2034 803 2072 similes
817 2033 926 2084 hmsae
947 2035 1072 2085 passim
1094 2037 1303 2075 tendinibus
1318 2037 1556 2086 subjiciuntur
1574 2067 1584 2081 ‚
1615 2051 1701 2088 qua·

1021 2094 1059 2134 D
1125 2106 1147 2133 2
1619 2110 1701 2136 rum

204 2194 217 2229 )
242 2192 375 2233 Thefizur.
392 2202 473 2227 anat.
490 2196 530 2228 V.
548 2208 575 2228 n.
607 2208 630 2228 1.

212 2237 223 2271 )
245 2238 307 2272 Jac.
329 2239 395 2268 Ren.
418 2238 484 2268 W1
499 2249 542 2268 Ns
557 2249 601 2268 Lo
617 2248 641 2269 w
666 2238 754 2269 traite'
771 2241 818 2269 des
841 2246 981 2277 tegumem
1003 2251 1029 2271 n.
1055 2246 1106 2275 82.

203 2277 214 2311 )
237 2277 327 2306 Anat.
351 2288 376 2314 p.
398 2284 466 2316 287.
494 2287 555 2309 tum
576 2280 632 2310 Ro
646 2291 660 2308 t
675 2292 689 2309 ι·-
703 2292 710 2309 ι
726 2292 744 2309 N
759 2290 778 2309 κ
803 2279 863 2320 diff?
878 2289 959 2311 anat.
979 2293 1004 2321 p.
1029 2292 1094 2318 50²·

208 2316 270 2351 Νη
295 2318 389 2356 capite
417 2321 443 2349 ἃ
466 2319 594 2358 sincipite
613 2319 698 2360 Mzcfi
722 2323 872 2360 Persepoli:
900 2322 934 2352 T.
957 2323 977 2356 1.
999 2333 1029 2362 p.
1057 2333 1102 2354 ιο.
1127 2323 1214 2362 inque
1236 2323 1368 2363 sincipite
1393 2326 1419 2356 ὃς
1441 2324 1536 2356 fronte
1556 2323 1639 2366 Tbgs?
1663 2326 1701 2364 li.

112 2366 160 2386 an.
177 2355 210 2386 Η.
228 2367 254 2386 n.
268 2366 288 2394 4

156 2397 168 2429 (
183 2398 215 2433 l)
239 2397 306 2427 Haec
325 2397 387 2428 sunt
402 2399 501 2430 fibrosa
524 2401 640 2431 stamina
665 2412 715 2442 per
735 2403 942 2443 pinguedinem
965 2405 1050 2438 dueta
1072 2394 1201 2439 Antoni}
1217 2406 1253 2439 de
1274 2407 1309 2439 M
1324 2417 1343 2438 A
1357 2417 1374 2438 R
1391 2418 1408 2439 c
1421 2418 1446 2441 n
1460 2418 1475 2439 ις
1491 2418 1511 2439 T
1524 2419 1544 2439 T
1556 2420 1567 2440 ι
1581 2419 1593 2440 s
1621 2408 1702 2448 apud

113 2436 172 2466 HD
187 2448 302 2468 rmAN
327 2441 360 2469 de
378 2442 509 2479 pingui-d,
532 2452 559 2472 n.
581 2453 628 2475 ιο.

153 2192 192 2231 (g

125 2234 197 2269 «11

153 2275 190 2309 (ι’

152 2317 197 2349 <k
