2003 2748
360 96 720 154 'SECDJJL
757 109 1371 153 CORDISFABRICA.·
1596 125 1674 164 383

77 211 223 254 abfuiffe
252 209 328 249 satis
359 216 459 249 certo
474 211 587 257 novi,
621 209 659 247 δε
689 221 707 247 a
732 207 831 247 Vre
847 220 993 247 usseu
1009 220 1021 245 1
1039 220 1057 245 A
1073 220 1154 246 le
1184 206 1278 256 (g)
1307 209 1453 249 abfuisse
1472 210 1601 261 sponte
1625 215 1679 251 in-

77 274 251 323 telligitur
268 299 278 315 ,
318 282 396 320 quae
418 269 490 308 sola
509 268 685 320 preffione
706 268 843 317 peraeta
879 267 954 305 fint.
992 268 1021 306 R
1038 280 1059 304 u
1073 280 1095 305 Y
1108 280 1123 304 s
1135 280 1155 306 c
1169 281 1194 305 n
1211 281 1221 304 1
1239 280 1260 305 A
1275 281 1298 306 N
1317 282 1336 306 A
1364 271 1421 319 (h
1437 272 1456 319 )
1487 273 1595 310 etiam
1617 281 1680 311 ex-

77 334 304 383 perimenta,
338 331 431 367 inter
442 331 563 378 gravia
593 327 767 378 equidem
793 328 1021 370 testimonia,
1059 335 1139 365 tuto
1169 328 1422 372 recensentur,
1464 333 1610 381 quoties
1634 332 1681 371 de

75 392 228 441 fimplici
249 396 381 428 eventu
403 388 518 426 sermo
540 387 600 425 est.
649 385 795 424 Deinde
825 399 915 436 aqua
942 387 1033 424 adeo
1059 387 1221 424 meabilis
1247 389 1284 424 &
1307 389 1426 427 mollis
1453 391 1526 434 est,
1568 400 1615 430 ut
1637 393 1678 430 in

76 463 204 489 omnes
225 449 373 500 quidem
394 449 558 496 corporis
580 446 727 483 animati
746 457 869 482 caveas
894 445 1042 483 exsudet
1065 474 1075 488 ‚
1117 447 1154 483 &
1173 453 1293 484 tamen
1318 450 1355 485 in
1382 450 1672 490 numerofiilimis

73 510 243 561 periculis
266 519 453 555 nunquam
475 507 519 544 ab
542 504 586 543 ea'
611 504 687 542 vasa
706 503 854 542 lacerata
880 503 979 542 fuisse
999 506 1228 542 meminerim
1244 534 1253 549 ‚
1286 518 1330 544 eo
1351 510 1465 558 magis
1490 522 1576 548 vero
1596 523 1674 549 non

74 570 196 618 rumpi
225 567 386 608 constat,
439 566 583 614 quoties
613 563 696 613 post
720 575 798 602 eam
828 576 958 613 aquam
984 564 1161 613 inpulsam
1184 565 1373 615 insequens
1399 580 1477 606 cera
1506 571 1672 609 eamdem

73 631 170 667 viam
183 638 259 664 non
274 625 438 674 sequitur.
476 623 592 662 Porro
615 624 740 662 arteria
766 623 969 672 profunda,
997 635 1077 673 quae
1103 623 1202 673 septo
1223 626 1344 663 cordis
1367 629 1556 676 prowdet,
1590 641 1671 667 om-

73 688 163 726 nino
192 685 285 724 socia
313 695 403 721 vena
434 683 660 725 destituitur,
696 689 739 720 ut
762 684 871 720 etiam
892 684 1006 732 magis
1034 684 1221 732 probabile
1247 684 1330 728 fiat,
1367 686 1470 724 aliam
1493 690 1589 726 viam
1610 688 1673 727 hic

72 757 92 785 a
112 755 236 784 natura
255 750 412 793 paratam
441 740 508 780 else
525 770 534 784 ‚
575 754 646 792 qua
666 740 808 790 sanguis
829 742 935 790 hujus
958 744 1094 780 arteriae
1115 744 1152 779 in
1179 745 1251 781 vias
1279 746 1448 783 circuitui
1471 746 1670 797 sanguineo

72 805 205 844 dicatas
226 803 355 842 redeat.
392 800 565 850 Denique
590 799 642 838 Ill.
676 802 863 838 contrariae
882 801 1063 839 sententiae
1088 802 1211 839 auctor
1242 815 1318 841 non
1342 803 1514 844 diffitetur
1529 835 1538 849 ,
1576 809 1614 844 in
1629 806 1673 844 fi-

72 865 185 903 nistro
208 859 410 901 ventriculo
431 860 588 899 rotunda
605 860 691 897 ostia
713 861 860 908 reperiri
875 861 894 908 (
910 861 956 905 i)
972 889 981 903 ‚
1016 872 1094 909 quae
1109 860 1247 910 aliquid
1267 863 1456 902 videantur
1481 866 1644 904 emittere
1657 872 1676 909 ,¹

74 924 112 962 &
144 922 229 961 alibi
254 920 482 960 vasculorum
508 926 692 958 extremos
719 918 807 957 fines
834 920 874 958 iu
900 919 1123 957 ventriculos
1151 921 1169 968 (
1184 920 1239 967 k)
1272 929 1415 971 apertos
1442 925 1479 962 Sc
1508 931 1672 975 patentes

70 983 239 1023 admittit.

133 1042 259 1089 Quare
280 1040 431 1091 quidem
451 1038 542 1077 mihi
562 1038 717 1077 omnino
740 1049 827 1076 vero
851 1038 1064 1087 proximum
1084 1038 1226 1077 videtur
1241 1067 1251 1082 ‚
1285 1040 1404 1079 oscula
1425 1043 1674 1084 mediocribus

74 1103 174 1140 venis
191 1100 310 1139 cordis
325 1099 471 1142 adfinia,
496 1099 602 1136 unice
622 1097 837 1145 sanguinem
858 1109 904 1135 ex
931 1098 1065 1135 arteriis
1098 1097 1290 1147 profundis
1309 1101 1429 1139 cordis
1452 1104 1491 1140 in
1516 1105 1591 1151 ejus
1615 1115 1672 1142 ea-

73 1172 155 1198 veas
177 1160 356 1198 revehere.
402 1157 493 1196 Non
517 1157 602 1195 ideo
628 1156 739 1194 credo
764 1157 964 1206 quidquam
989 1157 1213 1195 intercedere
1228 1186 1237 1201 ‚
1278 1161 1368 1208 quin
1397 1162 1434 1199 δε
1459 1163 1497 1199 in
1523 1162 1671 1201 dilatato

74 1219 210 1262 corde,
247 1219 283 1256 &
307 1219 345 1255 in
371 1217 556 1255 contrasto
573 1244 582 1258 ‚
617 1217 656 1252 in
683 1217 786 1252 omni
802 1216 922 1253 cordis
949 1216 1039 1253 statu
1069 1215 1148 1264 (l)
1164 1217 1304 1266 sanguis
1331 1231 1393 1267 per
1417 1232 1457 1258 ea
1480 1221 1608 1259 ostiola
1632 1224 1671 1260 in

73 1290 197 1318 caveas
215 1277 335 1316 cordis
347 1276 475 1314 redeat.
500 1273 649 1313 Nullam
665 1276 762 1312 enim
780 1273 983 1312 machinam
994 1276 1146 1324 reperio,
1167 1287 1246 1324 quae
1259 1278 1441 1326 impediat,
1457 1292 1502 1317 ne
1514 1280 1668 1329 sanguis,

73 1348 186 1390 quem
204 1338 383 1376 continuo
401 1347 465 1385 per
482 1336 623 1372 arterias
639 1334 759 1371 cordis
774 1333 885 1371 fluere
902 1333 1008 1383 ipsius
1026 1334 1124 1372 oculi
1140 1335 1389 1375 testimonium
1405 1338 1536 1384 docet,
1564 1341 1671 1378 etiam

71 1399 114 1436 in
148 1398 324 1436 minimos
349 1407 495 1437 ramos,
530 1395 624 1431 &in
641 1393 768 1431 ostiola
784 1395 984 1431 excretoria
1002 1395 1182 1433 continuo
1217 1402 1378 1434 torrente
1411 1406 1590 1447 urgeatur.
1627 1399 1669 1438 In

71 1456 205 1508 systole
218 1458 316 1494 enim
333 1453 452 1493 cordis
470 1453 681 1502 sanguinem
708 1454 916 1490 arteriarum
932 1454 1204 1491 coronariarum
1232 1454 1317 1493 saltu
1346 1455 1442 1504 (m)
1475 1459 1670 1496 vehemen-

73 1518 160 1554 tiori
182 1515 303 1558 salire,
336 1522 446 1563 atque
472 1513 564 1551 adeo
586 1513 625 1550 in
654 1523 773 1550 ramos
790 1512 963 1550 minimos
991 1512 1105 1550 valide
1133 1516 1253 1562 urgeri
1282 1515 1505 1554 ostendimus
1522 1546 1531 1560 ,
1568 1518 1605 1555 δι
1630 1519 1670 1555 in.

75 1575 245 1618 diastole,
280 1575 415 1612 minori
447 1572 597 1622 quidem
631 1583 717 1609 cum
745 1571 951 1614 celeritate,
987 1581 1108 1609 tamen
1138 1581 1204 1611 iter
1236 1573 1339 1612 suum
1373 1575 1537 1626 persequi
1566 1577 1585 1624 ζ
1595 1577 1664 1624 n).

75 1633 172 1682 Quae
190 1645 279 1672 vero
303 1635 357 1671 vir
387 1630 619 1682 amplissimus
653 1630 698 1668 de
725 1630 905 1680 sanguinis
935 1632 974 1669 in
1005 1630 1117 1669 corde
1147 1632 1366 1671 diverticulis
1395 1634 1670 1685 philosophatur

74 1696 187 1743 (ο),
224 1694 342 1744 deque
374 1690 514 1729 refluxu
541 1690 723 1740 sanguinis
749 1691 787 1728 in
814 1690 958 1728 venulas
987 1690 1193 1730 exhalantes
1224 1693 1269 1731 ad
1293 1693 1455 1731 valvulas
1481 1695 1591 1744 usque
1616 1707 1673 1733 rea

75 1753 246 1797 denum,
279 1765 320 1791 ea
352 1751 528 1802 quidem,
574 1757 761 1799 tamquam
785 1749 1010 1801 ingeniosam
1044 1749 1202 1801 aliquam
1227 1752 1470 1804 hypothesin,
1506 1754 1604 1795 malo
1635 1767 1671 1794 a<

74 1814 153 1863 pud
186 1812 240 1852 111.
273 1810 550 1850 Paffisuram
575 1809 660 1858 legi.

136 1872 209 1910 Sed
235 1883 355 1921 neque
381 1870 698 1908 fermentationem
731 1868 888 1919 aliquam
915 1870 954 1908 in
981 1869 1234 1909 cordelocum
1254 1872 1384 1910 habere
1401 1901 1410 1915 ,
1446 1872 1670 1922 propr1010-

72 1943 124 1971 co
141 1931 373 1970 ostendemus
390 1931 407 1976 (
423 1931 492 1978 0⁴⁶)
511 1956 522 1972 ,
554 1940 674 1978 neque
692 1939 778 1967 cum
795 1928 831 1966 V
844 1941 857 1965 1
871 1941 890 1966 E
903 1942 928 1968 u
940 1942 981 1967 ss
994 1941 1013 1966 F.
1027 1941 1053 1966 N
1068 1941 1117 1967 10
1150 1930 1170 1978 (
1181 1938 1209 1978 p
1225 1930 1242 1982 )
1270 1943 1338 1970 nos
1366 1931 1494 1970 sentire
1513 1945 1568 1970 res
1596 1931 1668 1981 ipsa

1629 1990 1670 2029 fi.

118 2061 165 2100 (g
185 2063 200 2096 )
224 2057 326 2091 Traite'
346 2059 387 2089 du
406 2067 478 2088 coeur
501 2068 530 2097 p.
561 2067 623 2094 ¹04·

118 2102 166 2139 (b
188 2103 201 2139 )
224 2097 344 2138 Adverfi
374 2103 464 2131 Anat.
491 2098 513 2129 I.
541 2108 567 2129 n.
597 2103 626 2131 6.

117 2141 331 2180 (ι’)δῑΝΑ
350 2151 368 2171 c
392 2148 617 2179 p.x92.193‚

117 2183 198 2220 (k)
220 2193 247 2220 p·
279 2187 344 2217 ¹88-

118 2223 134 2261 (
154 2225 165 2253 l
183 2225 197 2260 )
220 2223 301 2254 Eas
323 2232 351 2253 n.
381 2230 416 2260 43

118 2264 202 2302 (m)
224 2274 261 2311 P:
288 2267 354 2301 3⁶8-

117 2305 134 2342 (
149 2315 170 2334 n
188 2306 202 2342 )
223 2304 293 2334 ibid.

117 2348 165 2383 (ο
188 2348 199 2379 )
222 2345 388 2377 LAncxs.
405 2355 471 2384 pag,
502 2352 549 2384 7⁰·
577 2354 625 2383 7¹.
676 2353 694 2375 2

119 2386 206 2422 (α’)
232 2386 307 2415 inter
338 2386 433 2416 causas
455 2393 550 2417 motus
573 2387 665 2417 cordis
682 2386 836 2417 diceturin
848 2385 877 2418 S.
899 2384 941 2417 V.

120 2426 136 2464 (
155 2435 177 2466 P
192 2428 206 2466 )
231 2430 283 2459 Du
295 2437 369 2459 ΜΨ
382 2438 408 2459 0·
423 2438 449 2459 2·
476 2428 508 2458 d?
517 2434 615 2460 “mm-
635 2427 805 2465 &pro-vim.
820 2437 845 2459 ο,
865 2438 910 2466 15.
929 2429 974 2460 16.
990 2436 1079 2461 trouv,
1102 2428 1375 2471 decouvertessurk
1388 2443 1459 2465 cam
1472 2443 1501 2473 p.
1516 2442 1559 2472 52.
1575 2434 1631 2464 Sta,
