2003 2748
346 125 1327 181 warns.coanisFA'BRmAz·
1549 148 1628 190 επ

33 247 120 277 vem
140 235 304 287 depinxit
322 230 466 276 C'owr·
480 249 498 275 e
511 250 533 276 n
548 250 570 274 n
583 250 598 275 s
619 239 667 286 <c
681 239 699 284 )
714 265 724 280 ‚
761 249 780 274 a
800 248 875 287 quo
897 238 974 276 viro
996 237 1122 288 aliquae
1144 249 1308 277 mearum
1333 237 1629 277 observationum

30 310 97 337 -2me
125 309 200 335 non
231 297 350 334 finunt
379 297 536 335 alienum
569 295 645 334 esse.

97 358 140 396 In
176 357 386 395 animalibus
431 355 745 405 quadrupedibus,
800 367 878 404 quae
914 368 984 405 ego
1017 356 1164 405 quidem
1202 357 1333 400 incidi,
1369 358 1494 396 eadem
1527 358 1601 396 fere
1612 361 1629 403 ,¹

37 429 120 466 quae
152 419 188 453 in
219 416 368 454 homine
398 416 529 453 fabrica
557 415 616 452 est.
651 413 694 452 In
725 415 849 452 avibus
881 413 1005 452 sinistri
1039 414 1160 452 venofi
1194 417 1272 453 ostii
1302 418 1449 455 valvulae
1477 418 1628 466 perinde

40 477 120 514 duae
140 476 244 519 sunt,
276 474 333 512 sed
362 477 398 512 in
423 474 553 512 dextro
576 475 702 516 unica,
734 476 771 511 in
797 474 1062 512 semicirculum
1085 474 1200 518 flexa,
1234 477 1272 512 in
1296 489 1447 514 acumen
1478 483 1629 515 extenu-

39 543 93 574 ata
107 564 116 579 ,
155 547 280 573 carnea
303 533 439 572 va-lvula
454 561 463 575 ,
499 532 665 571 musculo
688 532 808 571 fimilis
824 534 1076 582 praetenditur,
1115 546 1193 583 quae
1222 536 1406 584 integrum
1423 548 1507 574 curn
1527 536 1626 586 septo

41 595 161 634 cordis
192 592 367 630 circulum
393 591 559 641 perficit,
595 604 714 642 neque
745 593 996 631 tendinearum
1025 593 1193 630 fibrarum
1226 603 1394 643 apparatu
1429 596 1622 634 instruitur.

39 653 92 693 Ita
116 653 161 690 de
184 652 308 689 avibus
326 651 363 688 in
393 651 598 690 universum
625 653 793 701 princeps
813 652 967 690 historiae
985 653 1104 690 cordis
1129 653 1251 690 auctor
1283 654 1415 703 scripsit
1443 657 1459 701 (
1473 655 1527 702 d)
1546 684 1556 698 ,
1591 656 1627 692 &

45 712 208 749 Claudius
227 710 252 748 P
265 721 286 747 ε
301 724 323 748 R
337 712 393 748 R'A
406 722 498 747 σιτ
519 710 590 760 (e)
604 740 614 754 ‚
652 713 714 761 qui
743 712 897 760 plurima
919 712 1082 750 animalia
1104 711 1285 757 dissecuit,
1319 722 1378 751 aut
1395 726 1414 750 a
1433 713 1469 751 D
1484 726 1506 751 u
1520 727 1541 750 v
1557 725 1574 750 E
1589 727 1629 752 aa

41 782 173 810 NEYo
203 770 309 808 incisa
333 769 533 808 delineavit.
570 769 658 808 Haec
681 771 729 808 est
753 771 893 809 valvula
912 769 1092 809 circularis
1113 783 1238 809 carnea
1263 772 1380 810 dextri
1407 773 1594 810 ventriculi
1614 801 1624 816 ,

39 831 79 869 in
106 841 229 881 cygno
255 828 603 868 Baaruoemo
629 828 705 878 (f)
731 830 845 873 dieta,
894 832 931 868 in
958 831 1250 868 struthiocamelo
1294 831 1629 869 VALISNERIO

42 887 214 938 (g)..In
231 889 372 926 haliaeto
403 888 483 936 [h]
503 916 512 931 ‚
547 890 586 925 in
619 888 724 926 ardea
755 889 881 926 stellari
910 887 1028 939 [W]
1067 889 1134 926 alii
1166 889 1446 939 descripserunt,
1483 902 1553 938 ego
1591 891 1630 928 in

41 960 155 987 corvo
171 977 180 992 ‚
216 950 361 986 cornice
376 976 385 991 ‚
421 948 457 985 &
476 948 606 997 gallina
630 947 712 985 vidi.
748 947 790 985 In
820 948 974 997 piscibus
999 946 1265 986 observationes
1283 952 1446 999 proprias
1471 962 1548 987 non
1568 949 1630 987 ha-

41 1008 138 1051 beo,
183 1014 253 1046 tres
281 1008 350 1056 [i]
381 1007 518 1046 faciunt
542 1008 676 1056 aliqui,
712 1006 868 1056 insignes
897 1009 990 1051 viri,
1035 1007 1093 1044 alii
1123 1007 1209 1046 duas
1240 1009 1289 1056 [le
1307 1011 1331 1058 ].
1369 1008 1410 1046 In
1441 1009 1630 1048 crocodilo

41 1073 112 1105 tres
133 1065 232 1105 fuisse
258 1067 343 1116 lego
368 1065 408 1114 [l
416 1068 443 1115 ].

231 1153 263 1195 §-
300 1148 435 1188 VIII.
505 1149 639 1198 Ostium
672 1150 890 1199 arteriosum.
933 1150 1049 1188 Temlo
1089 1151 1209 1189 Cordis
1240 1152 1439 1201 arteriosus.

100 1233 274 1277 Diximus
304 1233 480 1272 venosum
509 1233 640 1272 ostium
669 1234 861 1271 ventriculi
887 1235 1097 1277 anterioris,
1132 1234 1286 1284 superest
1315 1236 1466 1274 alterum
1483 1264 1492 1278 ,
1527 1236 1629 1285 quod

43 1295 82 1332 in
96 1291 331 1341 pulmonalem
355 1294 527 1330 arteriam
553 1292 662 1330 ducit.
692 1292 844 1332 Ponitur
867 1294 904 1330 in
928 1295 1003 1340 ejus
1024 1294 1215 1331 ventriculi
1238 1293 1308 1332 fine
1323 1295 1489 1344 supremo
1513 1296 1549 1331 &
1571 1308 1631 1332 an-

45 1353 192 1395 teriori,
224 1352 399 1401 posterius
422 1353 457 1389 &
476 1352 623 1390 inferius
639 1381 648 1395 ‚
681 1364 788 1401 quam
819 1365 899 1402 pars
924 1352 1126 1401 longissima
1144 1353 1290 1391 valvulze
1311 1354 1466 1396 venosae,
1500 1354 1536 1391 δε
1558 1356 1634 1401 ejus

48 1425 118 1462 ope
130 1412 172 1450 ab
185 1412 278 1450 ostio
290 1411 426 1449 venoso
439 1411 627 1461 separatur3
646 1411 731 1448 inde
744 1424 880 1449 nomen
893 1424 1002 1449 caveae
1012 1411 1187 1461 arreriosae
1204 1412 1257 1451 Cl.
1282 1412 1500 1451 LIEUTAUD.
1518 1412 1638 1451 Utac-

49 1478 170 1510 curate
187 1471 262 1509 haec
279 1470 473 1508 describam
489 1499 498 1514 ‚
522 1472 646 1508 arteria
664 1470 743 1507 sein
760 1471 890 1520 plicam
910 1471 1029 1508 cordis
1044 1472 1195 1508 inmittit
1213 1500 1222 1514 ,
1250 1472 1284 1509 &
1300 1472 1343 1509 ad
1357 1472 1528 1513 inferiora
1545 1472 1637 1509 adeo

49 1530 257 1574 descendit,
288 1536 329 1568 ut
354 1530 397 1567 ab
426 1530 542 1579 aliqua
576 1537 677 1579 parte
706 1530 849 1573 cordis,
883 1530 986 1567 altius
1017 1530 1253 1568 adscendente
1271 1560 1279 1573 ,
1313 1539 1497 1580 tamquam
1527 1531 1637 1569 anulo

49 1591 255 1633 ambeatur,
282 1591 318 1626 ἃ
340 1589 459 1627 cordis
477 1588 573 1626 fibrae
595 1588 814 1632 transversae,
838 1589 1036 1627 secundum
1058 1598 1195 1639 partem
1216 1592 1369 1633 arteriae,
1401 1592 1491 1627 intra
1503 1602 1567 1628 cor
1586 1603 1640 1628 re-

50 1655 160 1700 ceptae
185 1649 497 1700 praetervehantur.
532 1647 752 1696 Conjunctio
776 1661 863 1686 vero
883 1650 1017 1687 arteriae
1042 1661 1126 1687 cum
1155 1648 1270 1687 corde
1294 1652 1461 1700 proxima
1481 1650 1530 1687 est
1551 1649 1641 1697 ejus-

48 1708 162 1747 modi.
199 1707 293 1747 Caro
318 1708 438 1746 cordis
465 1709 502 1745 in
529 1708 654 1746 circuli
673 1708 818 1759 perfecti
843 1707 998 1747 formam
1020 1711 1251 1752 terminatur,
1288 1711 1324 1748 ὃς
1347 1708 1445 1747 fibrae
1470 1708 1642 1760 transver-

44 1767 87 1806 sae
116 1768 235 1806 cordis
255 1770 386 1818 partim
412 1769 505 1805 inter
530 1767 686 1806 valvulas
712 1768 893 1806 arteriosas
922 1781 986 1818 per
1009 1768 1113 1806 lineae
1135 1768 1407 1817 longitudinem
1431 1768 1643 1818 producun-

44 1833 104 1865 tur
119 1856 128 1870 ‚
165 1828 201 1865 &
214 1828 397 1877 aliquanto
410 1827 490 1876 plus
504 1854 513 1869 ‚
546 1829 676 1876 partlm
689 1828 725 1864 in
738 1836 876 1877 partem
892 1830 1026 1866 arteriae
1041 1856 1050 1871 ,
1082 1827 1295 1878 quae'finum
1321 1827 1543 1867 valvulosum
1564 1836 1644 1877 per-

39 1881 142 1930 tricis,
177 1888 308 1937 pariter
337 1886 471 1926 sursum
503 1895 684 1937 pergunt,
719 1886 793 1925 fere
819 1899 884 1938 per
913 1887 1181 1940 sesquilineam‚
1218 1888 1254 1926 &
1284 1895 1446 1927 accurate
1472 1887 1645 1925 transver-

1604 1944 1646 1984 sae

88 1999 107 2036 ν(
155 2000 172 2038 )
193 2000 266 2031 Tab.
295 2007 340 2039 38.
364 2001 385 2032 f.
411 2010 437 2031 2.

89 2041 102 2077 (
155 2042 167 2078 )
236 2051 252 2072 e
283 2052 311 2080 p.
338 2041 385 2071 60.
409 2042 613 2073 Hir-‚autu
637 2038 771 2081 difiyuffi't.
790 2048 870 2073 anat.
896 2053 925 2081 p.
959 2052 1025 2083 143.

158 2083 171 2120 )
194 2080 289 2122 Efflazys
303 2084 336 2112 de
353 2082 487 2121 Phystque
510 2082 544 2113 T.
573 2082 623 2113 ΙΙΙ.
652 2092 677 2120 p.
702 2088 769 2113 261.

150 2125 165 2158 )
188 2123 220 2153 ln
243 2130 375 2153 anatome
396 2126 477 2161 cygni
503 2130 533 2160 p,
554 2132 604 2162 41.
626 2124 654 2154 &
674 2123 788 2162 historia
818 2133 865 2161 79.
888 2126 1002 2154 Centur.
1026 2123 1063 2155 ΙΙ.

157 2166 170 2200 )
195 2164 281 2201 Oper.
307 2174 377 2194 omn
409 2164 442 2195 T.
464 2164 485 2194 Ι,
513 2174 541 2203 p.
562 2170 630 2202 248.
659 2166 794 2195 Notomia
816 2165 885 2194 d’un
896 2164 1026 2203 struzzo.

155 2206 168 2241 )
193 2205 328 2235 Bonna
345 2214 397 2235 cn
423 2206 539 2237 hermet.
567 2207 634 2243 Aeg.
654 2203 716 2243 sap.
749 2216 776 2244 p.
804 2209 870 2243 267.

140 2245 183 2282 ¹¹¹)
209 2246 480 2277 Amstelodamenses
503 2248 658 2277 anatomici
683 2248 712 2276 in
737 2248 832 2284 Colleg.
856 2249 966 2277 Privat.
991 2244 1045 2285 obs
1068 2256 1096 2285 p.
1125 2253 1173 2282 2‘4.

127 2296 137 2314 1
161 2289 285 2357 ΤιἜπιον
307 2287 378 2317 Pan
392 2297 411 2316 u
426 2298 443 2317 c
456 2298 474 2317 u
487 2297 500 2318 s
516 2288 545 2318 in
570 2291 721 2319 Comment.
741 2288 834 2319 Acad,
856 2287 918 2326 lzfi.
936 2290 1044 2318 Bonon.
1061 2287 1096 2319 T.
1121 2288 1156 2319 ΙΙ.
1175 2289 1203 2320 P.
1229 2287 1264 2319 Il.
1287 2298 1316 2327 p.
1344 2298 1411 2328 30¹·
1435 2290 1465 2319 in
1489 2289 1564 2320 mola
1580 2289 1648 2322 aliis⁴

140 2337 203 2363 p1c¹
229 2338 268 2358 us.
477 2356 479 2358 .

164 2369 176 2403 )
198 2367 219 2396 P
233 2378 246 2396 κ
260 2379 276 2397 R
290 2378 312 2398 ιι
324 2378 343 2398 Α
360 2377 379 2396 u
391 2379 408 2396 1.
423 2377 443 2397 τ
457 2368 478 2399 1.
497 2379 519 2399 c.
536 2380 563 2408 p.
583 2372 650 2400 260.
669 2374 734 2401 261.
753 2370 781 2401 H
794 2382 802 2400 1
816 2382 833 2401 ι
846 2383 871 2401 1..
895 2373 1003 2400 review
1028 2381 1055 2409 p.
1077 2380 1142 2411 113.
1159 2373 1186 2403 ec
1208 2371 1239 2401 in
1252 2371 1332 2410 galee
1352 2372 1514 2406 Academici
1530 2373 1648 2407 Parifini.

163 2410 174 2444 )
196 2407 313 2444 jesuitae>
331 2410 361 2438 in
377 2407 483 2448 obfirv.
498 2412 532 2441 de
551 2413 687 2444 matbem.
716 2412 755 2450 &³
777 2413 811 2442 de
827 2411 959 2453 phyfique
974 2422 1010 2452 p.
1035 2418 1083 2449 28.

144 2448 158 2463 ⁸²
177 2451 191 2485 )
211 2447 450 2484 Lunna»
470 2451 490 2484 1.
513 2463 535 2485 c.
563 2461 682 2492 p.321.
