2003 2748
350 165 428 200 312
850 152 1005 194 LIB.
1078 155 1179 195 IV.
1244 151 1437 196 COR?

405 251 550 288 Tertius
571 249 753 288 musculus
770 279 778 294 ‚
811 251 1019 300 appendicis
1043 251 1210 290 auriculae
1225 281 1234 296 ‚
1273 253 1310 290 in
1336 253 1406 290 alio
1429 250 1600 291 cadavere
1623 254 1758 299 adfuit,
1800 259 1862 307 qui
1892 268 1938 296 ex

348 311 439 347 ostio
471 309 606 347 venoso
636 310 753 347 dextri
778 312 968 349 ventriculi
997 312 1203 353 adscendit,
1258 314 1371 361 priori
1398 313 1507 364 paulo
1542 313 1704 363 superior
1724 343 1733 357 ‚
1781 316 1818 352 ὃς
1847 318 1937 355 resta

346 369 480 407 sursum
499 370 683 418 porreffiws
704 370 852 408 radiatas
871 372 907 407 in
928 383 1051 408 cavam
1067 371 1306 421 appendicem
1329 372 1433 409 fibras
1454 372 1576 411 edidit.
1600 372 1671 410 Hic
1696 375 1732 410 in
1751 374 1862 412 altero
1883 387 1940 413 ca-

346 428 476 465 davere
500 441 576 466 non
599 429 771 478 adparuit.
808 429 903 469 Cum
928 430 983 467 his
1002 431 1130 469 nostris
1155 443 1194 467 ea
1217 431 1373 468 conferri
1394 431 1562 481 possunt,
1600 444 1678 481 quae
1697 433 1757 470 Vx
1774 446 1793 470 E
1811 447 1832 471 u
1847 446 1941 471 sse-

345 499 371 524 N
389 499 400 524 1
417 500 438 525 u
452 501 465 525 s
490 488 544 534 (y
561 489 580 536 )
608 490 642 525 δι
667 488 718 526 Ill.
739 490 761 526 S
777 501 795 526 E
809 501 833 526 N
853 501 873 526 A
889 502 910 526 c
932 489 947 539 (
966 502 991 526 z
1010 488 1026 539 )
1049 491 1094 527 de
1117 490 1214 528 fibris
1233 490 1367 528 dextrae
1386 492 1552 529 auriculae
1574 491 1799 541 scripserunt.
1833 493 1940 542 AEgr‘e

344 554 465 586 autem
489 547 565 585 haec
591 549 722 597 absque
748 548 896 597 figuris,
932 557 992 587 aut
1018 549 1188 599 praesente
1215 550 1386 588 cadavere
1406 553 1472 588 rite
1500 551 1759 589 describuntur.
1813 548 1817 551 “

406 606 585 645 Caeterum
606 609 813 645 membrana
829 617 950 646 tenera
969 610 1005 646 &
1026 609 1113 646 levis
1127 638 1137 653 ,
1163 622 1248 648 cum
1269 611 1389 647 cordis
1417 612 1471 657 (a
1489 611 1506 656 >
1537 623 1696 661 cumque
1723 623 1823 649 venae
1848 623 1941 650 cavae

344 668 508 704 interiori
520 667 725 705 velamento
738 669 960 710 continuata,
974 670 1125 706 interior
1143 670 1337 707 auriculam
1351 670 1494 706 oblinit:
1513 672 1669 708 exterius
1682 671 1799 708 eidem
1816 672 1939 709 cordis

344 728 523 766 extimum
536 727 769 765 involucrum
783 730 973 777 inponitur
985 757 993 770 ‚
1013 728 1115 777 quod
1131 741 1148 765 a
1160 729 1361 777 pericardio
1379 729 1540 766 nascitur.
1577 729 1673 767 Cum
1687 743 1772 768 vero
1787 738 1939 780 utraque

343 787 554 824 membrana
583 789 775 825 tenerrima
801 787 863 830 sit,
904 789 940 824 δε
968 789 1060 825 inter
1090 787 1313 826 musculosos
1343 801 1444 826 arcus
1471 789 1654 826 intervalla
1685 790 1804 826 media
1831 790 1939 827 relin-

342 853 501 895 quantur
521 875 530 890 ‚
566 848 603 884 in
623 848 754 896 quibus
779 856 908 897 praeter
930 859 986 884 eas
1010 849 1236 885 membranas
1258 847 1348 884 nihil
1371 847 1586 887 distendenti
1607 847 1770 896 sanguini
1794 848 1937 893 resistit,

345 906 382 943 δε
413 908 505 943 auris
533 906 604 944 luci
633 906 781 944 obversa
809 907 967 956 pellucet
998 909 1015 954 (
1030 906 1108 953 h),
1144 907 1359 955 intelligitur
1380 907 1577 945 auriculam
1605 907 1769 946 dextram
1794 908 1830 945 &
1858 907 1942 946 vali-

344 965 390 1002 de
420 965 556 1003 dilatari
580 964 699 1015 poffe,
741 967 777 1003 &
805 967 955 1005 demum
989 968 1119 1015 rumpi.
1154 966 1363 1016 Utrumque
1393 969 1521 1004 vitium
1543 969 1707 1017 inprimis
1737 969 1906 1005 imminet
1925 995 1936 1010 ‚

344 1025 494 1075 quando
512 1025 662 1075 aliquod
686 1025 914 1064 obstaculum
933 1025 1114 1074 sanguinis
1136 1038 1200 1075 per
1222 1026 1439 1075 pulmonem
1462 1028 1528 1064 iter
1554 1034 1719 1065 moratur
1733 1055 1743 1069 ‚
1775 1038 1942 1076 cavaeque

347 1096 448 1122 venae
477 1084 688 1133 sanguinem
714 1086 752 1121 in
781 1085 977 1123 auriculam
1008 1085 1213 1124 convehere
1241 1093 1423 1135 pergunt,
1459 1098 1568 1136 quem
1591 1099 1655 1125 cor
1685 1087 1854 1124 dextrum
1879 1098 1944 1124 ne·-

344 1146 426 1193 quit
452 1146 626 1182 emittere.
661 1144 713 1183 Ita
732 1157 750 1182 a
775 1147 865 1183 nixu
889 1144 955 1187 fit,
993 1152 1054 1183 aut
1072 1157 1089 1182 a
1108 1144 1249 1194 polypo
1268 1145 1387 1183 dextri
1405 1144 1620 1189 ventriculi,
1658 1148 1695 1183 in
1711 1145 1837 1183 sinistri
1855 1158 1942 1183 ven-

346 1203 467 1241 triculi
485 1206 580 1242 vitiis
605 1205 797 1242 circuitum
822 1204 1035 1254 sanguinem
1055 1205 1293 1243 morantibus.
1328 1205 1471 1243 Verum
1494 1205 1570 1243 haec
1589 1206 1753 1255 exempla
1770 1205 1880 1243 alium
1899 1203 1941 1241 fi-

344 1264 383 1301 bi
413 1263 537 1302 locum
561 1264 754 1314 postulant.

406 1322 546 1362 Contra
575 1323 685 1361 iidem
706 1323 873 1362 auriculae
889 1324 1041 1363 musculi
1065 1324 1238 1374 exquisite
1261 1323 1447 1362 irritabiles
1473 1323 1553 1362 sunt
1568 1352 1576 1367 ,
1616 1335 1729 1372 eaque
1756 1325 1792 1361 vi
1814 1322 1942 1372 pleras-

346 1394 417 1432 que
449 1384 616 1432 corporis
644 1382 794 1421 humani
811 1412 820 1427 ,
861 1384 897 1420 ὃς
926 1384 1046 1422 cordis
1074 1383 1180 1433 ipfius
1204 1391 1321 1433 partes
1349 1383 1522 1433 superant.
1567 1383 1638 1422 Sed
1662 1384 1699 1420 &
1720 1383 1796 1422 haec
1813 1382 1943 1421 rectius

343 1442 601 1494 persequemur
617 1471 627 1486 ‚
662 1443 810 1493 quando
832 1442 877 1481 de
907 1444 1027 1481 cordis
1055 1451 1161 1483 motu
1188 1443 1307 1481 sermo
1331 1445 1406 1481 erit.

899 1558 931 1600 ᾗ,
968 1553 1051 1592 ΙΧ.
1120 1553 1225 1592 Sinus
1253 1554 1384 1591 dexter.

404 1665 464 1704 De
491 1664 657 1704 auriculae
685 1664 820 1702 dextrae
844 1672 943 1714 parte
976 1664 1047 1702 levi
1066 1676 1166 1702 nunc
1187 1664 1305 1702 dicere
1330 1668 1486 1713 oportet.
1522 1660 1606 1711 Ejus
1622 1660 1728 1700 altera
1743 1660 1943 1707 medietas.

347 1724 546 1774 eademque
579 1726 694 1772 major
710 1753 719 1767 ,
757 1726 885 1774 utique
913 1723 1005 1761 rec‘te
1039 1723 1181 1771 Septum
1207 1723 1451 1761 auricularum
1476 1723 1600 1765 audit,
1638 1723 1675 1760 &
1702 1724 1745 1759 ab
1765 1735 1827 1760 ora
1852 1723 1941 1760 dex-

345 1791 397 1821 tra
421 1796 519 1821 venae
544 1796 636 1821 cavae
654 1784 835 1821 inferioris
851 1783 895 1820 ad
922 1783 1088 1820 eamdem
1109 1796 1211 1820 oram
1231 1795 1330 1821 venae
1353 1795 1445 1820 cavae
1468 1782 1661 1831 superioris
1683 1784 1938 1819 continuatur:

343 1842 536 1881 sinisterius
558 1855 645 1880 vero
677 1843 848 1880 columna
875 1842 995 1878 isthmi
1014 1841 1146 1878 sinistra
1175 1843 1387 1879 terminatur
1402 1869 1411 1883 ‚
1447 1853 1556 1889 quam
1581 1841 1689 1889 paulo
1711 1841 1790 1890 post
1811 1839 1941 1877 descri-

345 1903 485 1941 bemus.
520 1902 623 1939 Ultra
648 1914 726 1939 eam
753 1902 964 1939 columnam
981 1929 990 1944 ‚
1027 1900 1146 1938 versus
1167 1900 1299 1938 sinistra
1317 1928 1326 1943 ,
1360 1900 1478 1949 aliqua
1504 1899 1623 1937 adhuc
1647 1899 1813 1937 auriculae
1833 1900 1941 1948 parti-

345 1962 425 2000 cula
442 1963 528 1999 levis
550 1962 624 2004 est,
659 1963 858 2010 intercepta
884 1962 975 1997 inter
993 1973 1077 1997 eum
1093 1959 1265 1997 isthmum
1281 1988 1290 2002 ,
1328 1960 1364 1997 &
1388 1958 1518 1997 'cordis
1546 1959 1698 2002 ostium,
1733 1959 1778 1996 ad
1806 1958 1940 1996 sinistra

345 2033 446 2060 venae
475 2034 591 2068 cavae3
624 2034 663 2058 ea
688 2021 787 2058 sedes
814 2021 862 2058 est
878 2049 886 2062 ‚
923 2032 1031 2069 quam
1056 2027 1155 2057 tenet
1180 2031 1329 2057 carneus
1362 2018 1552 2067 valensque
1573 2017 1760 2056 fasciculus
1781 2046 1790 2061 ,
1825 2031 1844 2055 a
1865 2028 1941 2067 quo

345 2081 623 2118 semicirculares
644 2080 795 2118 musculi
827 2080 1009 2129 pestinatae
1039 2081 1147 2128 partis
1172 2078 1337 2117 auriculae
1359 2078 1551 2116 nascuntur
1566 2105 1574 2120 ‚
1615 2078 1652 2114 &
1676 2079 1739 2127 qui
1768 2077 1865 2115 idem
1887 2076 1942 2113 of-

346 2142 439 2177 tium
466 2140 641 2178 venosum
667 2140 835 2177 dextrum
864 2141 1040 2177 circumit.
1075 2138 1163 2176 Haec
1181 2166 1190 2181 ‚
1232 2150 1341 2187 quam
1367 2149 1466 2176 nunc
1494 2137 1674 2180 diximus,
1712 2138 1790 2174 atrii
1817 2136 1939 2173 cordis

345 2198 444 2237 sedes
468 2198 557 2237 levis
579 2200 627 2236 est
642 2227 651 2241 ,
691 2199 715 2236 fi
734 2212 862 2249 paucas
891 2199 1090 2238 reticulatas
1114 2198 1219 2236 fibras
1240 2199 1423 2247 exceperis
1441 2226 1451 2241 ,
1488 2209 1567 2247 quae
1593 2196 1650 2236 vel
1672 2196 1715 2234 ad
1736 2198 1844 2234 imam
1861 2206 1941 2244 par-

1864 2263 1940 2291 tem

449 2358 514 2433 {p-
540 2406 608 2434 207-
629 2399 702 2436 seqq·

453 2437 652 2474 )V1russ
666 2448 734 2468 ins
753 2439 785 2467 de
809 2445 906 2471 r.emot
934 2439 973 2476 Εξ
994 2443 1117 2478 proxim.
1134 2443 1255 2480 princip.
1276 2451 1304 2480 p.
1333 2443 1380 2479 76.

445 2479 649 2521 >Turius
673 2477 804 2521 desang.
827 2483 895 2516 clauc
917 2489 966 2522 per
982 2492 1029 2515 cor
1051 2483 1409 2523 p.29.W1nsz.ow
1432 2479 1451 2511 1-
1476 2490 1502 2511 ῦ-
