2003 2748
321 201 404 236 230
556 191 586 228 L
617 189 711 228 IB.
760 187 856 228 III.
920 185 1260 228 CIRCUITUS
1310 185 1660 229 SANGUINIS.

324 299 400 324 eam
432 287 527 328 vim,
563 297 642 334 quae
667 285 795 322 faecum
828 284 1024 323 alvinarum
1051 283 1117 322 iter
1144 286 1350 336 praecipitat.
1413 284 1581 336 Princeps
1615 283 1760 335 quidem
1790 287 1911 326 aut‘tor

321 347 371 382 est
395 345 419 382 B
435 357 458 381 ο
474 357 495 381 R
514 356 696 381 Rlcfllu
711 357 745 386 s,
782 343 950 393 idemque
971 345 1091 387 addit,
1127 346 1289 383 eamdem
1315 343 1414 381 dosii]
1438 346 1472 381 in
1495 357 1600 382 venas
1619 344 1768 382 infusam
1791 347 1911 386 alvum

320 416 487 446 movere,
523 416 601 452 quae
636 402 810 452 deglutita
836 411 960 441 movet
998 404 1065 450 (d
1089 406 1114 450 ).
1195 404 1343 442 Plurimi
1372 403 1432 440 alii
1475 403 1601 440 similes
1635 412 1782 442 eventus
1813 406 1908 443 vide-

321 470 405 500 runt
427 462 504 510 (e).
569 461 623 500 Ex
651 465 792 511 gummi
819 470 931 511 guttee
957 463 1132 500 drachmis
1154 459 1231 506 sex,
1268 465 1304 499 in
1333 462 1472 511 liquore
1492 462 1635 504 solutis,
1662 463 1696 499 &
1721 465 1757 500 in
1783 475 1912 501 venam

319 521 465 570 inpulsis
495 534 609 564 mors,
643 522 679 558 ὃς
704 534 793 559 vena
814 533 916 565 cava,
949 529 1055 572 atque
1080 522 1246 560 dextrum
1278 534 1340 559 cor
1359 522 1529 570 sanguine
1560 499 1683 559 coatfo
1704 522 1807 572 plena
1827 521 1909 571 (f).

382 581 515 618 Iterum
542 583 591 617 vis
613 588 673 619 aut
700 590 892 624 venenata,
932 589 991 619 aut
1026 581 1197 618 medicata
1227 583 1261 618 in
1284 593 1387 617 venas
1414 581 1524 618 infusa
1553 581 1595 617 ad
1624 593 1722 618 renes
1747 583 1852 624 venit,
1874 582 1911 618 Sc

321 642 433 677 uriuae
452 643 521 676 vias
549 640 695 689 perinde
734 640 922 683 sollicitat,
955 643 1007 677 uti
1040 642 1188 688 quidem
1216 640 1333 682 fieret,
1368 639 1391 676 s1
1417 640 1604 689 pharmaca
1636 640 1808 689 deglutita
1830 639 1911 677 fuis-

321 699 404 736 sent.
471 699 640 736 Tinctum
671 699 938 741 cantharidum,
970 700 1013 736 ad
1039 700 1124 737 duas
1163 700 1370 741 drachmas,
1396 700 1429 735 in
1458 702 1551 736 canis
1577 711 1681 736 venas
1718 698 1815 736 missa
1840 699 1911 736 uri-

320 771 404 794 nam
429 758 700 806 copiolissimam
730 760 870 801 movit,
906 757 1053 796 vesicam
1090 758 1211 802 erofit,
1250 759 1395 795 bestiam
1434 759 1567 795 occidit
1593 758 1673 805 (g)
1702 758 1738 796 in
1767 758 1911 795 duobus

322 817 581 865 experimentis.
661 817 809 855 Nicrum
847 818 1002 855 infusum
1045 818 1253 854 mistionem
1285 817 1466 866 copiosam
1496 819 1687 861 excitavit‚‘
1720 817 1778 855 sed
1804 819 1909 855 inno-

322 888 425 915 cuam
445 906 456 921 ‚
487 879 538 915 uti
562 886 680 915 totum
701 878 1006 915 medicamentum
1032 876 1164 927 absque
1187 889 1326 915 veneno
1352 877 1400 914 est
1430 876 1526 927 (h).

413 1004 447 1047 ff
616 1012 648 1053 ἓ.
683 1007 792 1047 XII.
858 1008 924 1046 Vis
943 1018 1062 1045 eorum
1086 1009 1123 1044 in
1151 1013 1264 1045 totum
1288 1016 1411 1055 corpus
1443 1007 1614 1045 animalis.
1901 971 1910 999 i

400 1108 570 1157 Denique
593 1120 667 1145 non
696 1107 842 1156 quidem
874 1106 1050 1156 peculiare
1070 1106 1181 1144 viscus
1197 1136 1206 1150 ‚
1237 1106 1294 1144 sed
1314 1113 1428 1145 totam
1454 1107 1652 1145 humorum
1673 1105 1814 1145 massam
1836 1120 1855 1145 a
1873 1108 1911 1145 vi

321 1169 450 1205 veneni
486 1169 521 1204 in
547 1180 673 1204 venam
711 1179 963 1215 quamcunque
994 1165 1122 1203 inmiffi
1156 1168 1354 1214 penetrari,
1384 1167 1419 1203 δι
1443 1179 1507 1216 per
1544 1166 1749 1204 universum
1777 1178 1909 1215 corpus

321 1229 394 1275 ejus
420 1226 563 1263 effectus
592 1238 779 1274 apparere,
808 1226 873 1262 alia
894 1227 1137 1273 experimenta
1164 1225 1418 1262 demonstrant.
1495 1225 1550 1262 Ab
1578 1225 1721 1262 arsenici
1757 1225 1908 1262 decosto

320 1287 419 1322 venis
448 1287 519 1321 vivi
548 1285 705 1323 animalis
726 1285 856 1331 injecto
885 1284 1123 1332 borborygmi
1151 1283 1218 1330 (hi
1244 1284 1286 1320 ab
1311 1283 1532 1321 inflammato
1561 1283 1790 1330 ventriculo)
1821 1296 1910 1321 con-

320 1344 497 1382 vulfiones
517 1373 526 1386 ‚
562 1344 699 1381 lethum
731 1343 832 1390 (i).
909 1343 940 1380 A
965 1343 1039 1379 bile
1073 1341 1266 1379 hominum
1301 1343 1396 1391 pesse
1431 1349 1677 1391 peremtorum
1705 1345 1741 1380 in
1780 1354 1908 1380 venam

321 1402 415 1440 canis
441 1403 574 1452 inpulsa
603 1404 670 1440 cita
691 1414 806 1443 mors,
842 1401 986 1451 quando
1005 1403 1040 1438 iu
1060 1401 1280 1449 iugularem,
1316 1400 1446 1438 lentior
1475 1401 1678 1450 aliquantO,
1711 1402 1856 1450 quando
1870 1402 1908 1439 in

320 1462 495 1501 cruralem
523 1474 649 1499 venam
679 1473 856 1498 venenum
881 1461 1087 1498 mittebatur
1108 1459 1196 1507 (lc).
1260 1459 1394 1498 Oleum
1416 1460 1616 1498 Nicotianae
1642 1460 1797 1498 infusum
1820 1472 1908 1499 con-

321 1521 519 1559 vulfionem
542 1550 551 1564 ‚
586 1520 835 1557 vehementem
863 1521 1068 1557 arteriarum
1086 1517 1343 1567 pulsationem,
1377 1526 1632 1568 promtumque
1646 1528 1802 1557 mortem
1813 1521 1908 1558 intu-

320 1581 363 1618 lit
395 1580 490 1627 (l),
525 1582 634 1629 inque
672 1580 742 1616 alio
768 1577 937 1626 exemplo
971 1591 1044 1615 non
1078 1577 1225 1627 quidem
1252 1577 1414 1621 occidit,
1450 1590 1534 1616 cum
1565 1577 1649 1615 octo
1684 1586 1822 1617 tantum
1849 1577 1908 1616 vel

319 1653 454 1678 novem
486 1639 635 1688 guttulae
656 1639 794 1687 spiritus
827 1638 1014 1675 nicotianae
1037 1637 1327 1680 infunderentur,
1363 1639 1520 1675 vomitus
1542 1644 1661 1675 tamen
1688 1638 1722 1674 δε
1738 1639 1908 1686 aegrimo-

320 1701 379 1736 nia
402 1697 516 1736 secuta
537 1699 585 1736 est
610 1698 708 1745 (m).
774 1695 893 1745 Ipsum
917 1696 1105 1733 decoctum
1136 1695 1240 1743 hujus
1261 1696 1382 1734 herba>
1413 1696 1567 1734 infusum
1589 1697 1753 1745 expedite
1776 1695 1906 1734 animal

321 1765 443 1794 enecat
481 1759 568 1802 (n).
606 1757 636 1793 A
658 1756 808 1793 decotto
826 1753 1004 1792 hellebori
1027 1755 1209 1791 albivenae
1226 1755 1339 1792 infuso
1353 1768 1449 1792 mors
1461 1755 1664 1798 celerrima,
1699 1767 1782 1793 cum
1794 1756 1906 1793 subita

320 1818 482 1856 carnium
512 1816 721 1853 flacciditate
750 1814 959 1862 conjuncta,
995 1825 1102 1864 quam
1126 1815 1281 1852 diximus
1302 1815 1339 1851 in
1367 1814 1447 1852 feris
1487 1815 1686 1857 observari,
1721 1827 1799 1864 quae
1827 1815 1905 1852 telis
1960 1839 1963 1842 ι

1831 1873 1907 1927 hoc:¹

363 1993 377 2029 (
394 1994 442 2031 d)
466 1994 509 2023 De
521 1990 665 2031 sanguine
692 2001 719 2029 p.
745 1992 793 2025 84.

362 2036 429 2070 (e)
458 2036 475 2064 S
492 2044 509 2063 c
526 2045 545 2063 n
562 2045 578 2062 o
596 2044 610 2061 r
631 2043 646 2062 r
674 2032 690 2062 1.
717 2042 741 2062 c.
768 2031 1017 2062 Fasssxcius
1044 2029 1120 2069 apud
1139 2029 1409 2061 neminum
1438 2029 1472 2058 de
1489 2030 1654 2067 purgantur.
1678 2039 1704 2070 p.
1727 2029 1904 2069 410.E1.s.‘

322 2086 345 2107 H
362 2086 402 2105 oi
431 2085 447 2104 z
476 2075 588 2111 append.
617 2074 636 2103 1.
655 2083 680 2103 c.

362 2115 432 2154 (f)
456 2118 526 2145 sinc.
555 2117 595 2144 de
618 2115 668 2144 Ha
685 2124 739 2143 Υο
756 2123 771 2142 Ε
799 2112 856 2143 obs.
884 2122 945 2151 90.-

424 2158 436 2191 )
467 2157 485 2185 B
504 2167 522 2185 A
539 2166 555 2185 c
573 2167 589 2184 L
609 2166 617 2183 1
635 2166 661 2185 v.
686 2157 720 2183 de
742 2154 900 2192 vaeficantib.
928 2154 996 2190 Exp.
1026 2161 1052 2182 1.
1077 2161 1102 2183 2.
1130 2152 1215 2184 unice
1233 2152 1263 2183 in
1285 2151 1374 2183 altero
1398 2151 1471 2182 dosis
1493 2151 1690 2184 cantharidum
1712 2152 1765 2184 alia
1781 2152 1843 2185 fuit.

462 2196 493 2226 M
515 2207 530 2223 A
551 2208 565 2225 L
585 2206 598 2224 i>
616 2207 624 2224 ι
641 2206 660 2224 G
681 2206 730 2224 1-{1
764 2197 798 2223 de
820 2196 908 2231 pozsyp.
947 2204 973 2232 p.
1001 2201 1067 2231 131.

417 2237 668 2270 )E1,SH01.Z
707 2247 733 2273 p.
762 2242 806 2270 18.

523 2277 571 2306 Du
587 2288 594 2305 ι
613 2288 630 2306 x>
647 2287 711 2305 ina
742 2276 761 2306 l.
786 2286 810 2306 c.
839 2285 865 2312 p>
889 2279 953 2307 506.
976 2274 1212 2313 coagulationem
1234 2274 1373 2313 sanguinis
1397 2274 1445 2304 bili
1468 2284 1525 2305 non
1548 2274 1660 2310 tribuo,
1684 2284 1750 2306 eum
1774 2275 1803 2304 in
1830 2274 1904 2312 aliis,'

466 2279 521 2346 iliri
536 2339 544 2351 ‚
570 2316 812 2346 observationibus
835 2316 898 2345 bilis
922 2316 1050 2345 morbosa
1074 2316 1239 2353 sanguinem
1268 2316 1364 2355 potius
1388 2315 1541 2348 dissolverit
1554 2314 1655 2356 obfi’rv.
1674 2314 1731 2356 sur
1741 2317 1771 2347 la
1786 2317 1838 2348 bile
1855 2317 1902 2347 der

488 2382 494 2387 .
526 2368 568 2394 ¹3-
599 2359 725 2393 Journal
749 2359 794 2386 des
810 2354 919 2395 savam·
940 2356 1098 2387 Decembre
1126 2365 1212 2396 1722-

467 2439 494 2488 Β·

361 2159 375 2311 ΛΑΛΑ

386 2167 403 2193 g

391 2198 409 2225 h

389 2248 398 2265 1

392 2279 409 2306 le

424 2199 435 2232 )

428 2282 438 2313 )

321 2319 448 2355 ejusdem

318 2357 448 2397 Ρᾼὶίᾐνές
466 2369 485 2387 n

394 2400 404 2427 l
421 2401 433 2432 )
459 2399 484 2428 H

387 2450 416 2468 m
437 2446 443 2471 )

392 2491 413 2510 n
429 2482 442 2518 )

507 2408 525 2427 Α
547 2409 563 2427 R
586 2408 604 2427 n
621 2408 635 2427 ε
652 2407 669 2425 iz
698 2399 789 2434 apiar.
813 2395 866 2434 olffl
889 2407 915 2431 7.

533 2449 620 2468 Rea
646 2438 663 2467 l.
685 2448 708 2468 c.
738 2438 838 2467 T.11.
868 2446 1034 2481 p.-50.5³.

473 2480 685 2512 kunnun
710 2478 783 2510 Phil.
813 2478 913 2516 Trans.
937 2487 965 2508 n.
995 2487 1061 2518 335.

506 2450 511 2466 'i

362 2400 377 2517 ΑΑΛ
