2003 2748
337 155 391 199 80'
860 152 995 193 ZIB.
1049 148 1118 193 II.
1184 148 1415 195 VASA':

330 250 374 301 ἄῤ
400 252 537 289 lumina
554 262 739 288 ramorum
763 247 808 302 ξ
832 250 875 303 2—75
896 262 974 300 quae
999 252 1091 289 ratio
1121 251 1170 288 est
1192 250 1314 289 denuo
1339 257 1372 293 8.
1395 250 1430 288 &
1445 249 1489 288 ad
1512 259 1571 288 12.
1608 250 1652 288 In
1666 246 1767 290 tertia
1784 244 1927 292 ratione

333 312 456 349 eadem
479 313 600 360 portio
621 312 807 360 reperitur.

390 371 562 420 Denique
579 369 646 406 Vir
665 369 716 407 Ill.
743 369 773 419 J.
800 369 957 417 Baptista
983 370 1006 408 S
1019 383 1038 407 E
1051 383 1074 407 N
1090 382 1112 407 A
1126 382 1145 407 c
1170 372 1186 418 (
1201 382 1218 407 c
1233 369 1253 419 )
1275 383 1353 408 non
1369 371 1518 421 quidem
1534 371 1671 409 lumina
1686 377 1901 410 truncorum
1912 372 1929 414 ,Ἰ

330 430 388 467 sed
413 430 607 466 diametros
622 458 631 472 ,
664 431 803 477 magnis
826 429 927 466 valde
955 432 1114 468 numeris
1140 429 1320 479 expressos
1341 430 1589 481 suppeditavit.
1624 430 1676 468 Ita
1700 437 1807 468 aortae
1825 437 1926 469 trun-

331 502 392 527 cus
412 489 462 526 est
479 489 577 538 apud
603 488 658 526 Cl.
707 488 841 526 Virum
873 501 1014 532 90000
1042 491 1223 539 partium,
1260 502 1412 539 quarum
1443 492 1532 530 rami
1563 488 1926 537 conjunttiefficiunt

335 555 504 594 118490-
540 548 583 586 In
610 548 745 585 axillari
775 550 899 586 arteria
925 549 1097 586 diameter
1127 550 1246 586 trunci
1271 550 1320 586 est
1350 556 1500 592 22801.
1531 551 1714 599 partium,
1763 551 1927 598 quinque

330 620 418 646 vero
440 621 625 646 ramorum
657 608 821 645 diametri
842 608 1010 646 similium
1031 610 1186 658 partium
1217 615 1366 654 36499.
1403 608 1591 647 Brachialis
1623 610 1757 646 arteriae
1791 608 1927 646 diame-

330 676 383 705 ter
399 668 447 705 est
468 674 492 703 6
498 679 589 713 241.
616 668 754 706 radialis
770 680 856 705 vero
873 669 908 705 ἃ
922 668 1083 708 cubitalis
1101 670 1233 705 arteriae
1250 668 1440 716 conjunsta
1457 668 1595 706 lumina
1612 667 1774 707 efficiunt
1798 670 1929 714 344ῐ.’

330 727 466 765 lterum
492 735 590 764 aorta
615 728 659 765 ad
693 729 874 776 originem
899 727 1054 765 coeliacae
1076 728 1124 765 est
1151 738 1304 773 42500.
1337 734 1486 765 truncus
1518 740 1605 765 vero
1630 735 1737 764 aortae
1761 727 1851 764 infra
1873 727 1926 764 di-

329 785 507 824 visionem
522 816 531 829 ,
568 799 652 825 cum
672 787 828 824 coeliacae
851 796 982 824 trunco
1000 787 1213 834 conjunt’tus
1236 797 1386 832 57249.
1422 786 1542 825 Aortae
1561 787 1605 824 ad
1630 786 1746 824 iliacas
1767 787 1858 824 ratio
1876 786 1926 823 est

330 856 413 892 249
423 852 485 892 64.
516 853 669 892 28573.
700 846 812 884 Nunc
836 859 897 884 eos
921 859 1093 884 numeros
1110 875 1119 889 ‚
1154 847 1291 884 reseffls
1314 845 1529 889 millesimis,
1557 846 1601 884 ad
1617 846 1756 895 primos
1776 846 1812 883 Sc
1836 857 1926 894 prae-

330 908 458 955 cipuos
489 906 643 949 reduxi,
693 906 823 943 deinde
861 906 1029 955 quadrata
1058 905 1182 948 sumsi,
1227 912 1268 944 ut
1313 907 1469 943 rationes
1504 905 1689 943 luminum
1719 904 1920 954 prodirent.

328 964 382 1002 Ita
403 967 518 1015 prima
537 967 628 1003 ratio
657 965 705 1002 est
730 972 791 1007 81.
828 976 908 1011 144
924 994 932 1008 ‚
969 967 1159 1015 proxime3
1189 965 1344 1003 secunda
1361 972 1455 1010 484.
1488 971 1607 1008 1296.
1633 976 1708 1012 quo
1730 965 1769 1000 in
1802 975 1925 1001 exem-

329 1024 393 1073 plo
415 1032 563 1062 truncus
583 1024 713 1073 insigni
738 1026 910 1074 portione
937 1027 1059 1063 minor
1080 1025 1137 1062 est.
1181 1024 1224 1065 ,In
1252 1025 1359 1065 tertio
1388 1024 1558 1078 exemplo
1585 1025 1675 1063 ratio
1696 1022 1820 1073 prodit
1857 1028 1921 1067 36,

332 1089 407 1129 64,
443 1085 480 1121 in
507 1093 635 1133 quarto
666 1090 786 1129 1764.
819 1095 939 1130 3249.

389 1142 487 1181 Cum
512 1143 566 1180 his
600 1145 856 1192 experimentis
884 1155 964 1181 mea
992 1145 1194 1192 conjunxi3
1229 1145 1408 1183 mensuras
1428 1156 1560 1194 nempe
1577 1144 1749 1194 plurimas
1771 1144 1851 1192 cepi
1870 1146 1927 1181 ar-'

329 1203 501 1241 teriarum
525 1215 604 1240 cera
628 1203 845 1252 repletarum
862 1231 871 1245 ‚
909 1204 944 1241 &
970 1205 1007 1240 in
1032 1203 1216 1253 systemate
1233 1203 1450 1242 ficcatarum.
1487 1204 1530 1241 In
1550 1205 1661 1242 unico
1679 1203 1849 1252 exemplo
1870 1215 1924 1240 re-

331 1274 416 1300 cens
435 1263 510 1299 nati
537 1262 697 1300 hominis
725 1264 844 1300 trunci
869 1269 976 1299 aortae
1002 1263 1174 1300 diameter
1205 1263 1374 1313 quadrata
1402 1264 1451 1302 est
1479 1275 1512 1301 0.
1545 1273 1743 1308 004900;
1785 1259 1924 1301 lumina

329 1321 522 1369 conjuncta
542 1323 652 1359 trium
677 1334 864 1359 ramorum
890 1334 990 1360 arcus
1020 1329 1128 1360 aortae
1166 1335 1201 1361 0.
1237 1329 1419 1366 003866.
1445 1323 1571 1360 lumen
1592 1334 1680 1360 vero
1700 1328 1807 1360 aortae
1833 1319 1925 1359 infra

329 1380 544 1418 divisionem
571 1393 605 1418 0.
635 1392 815 1425 002209.
852 1382 970 1429 juncta
996 1394 1084 1431 ergo
1114 1382 1251 1420 lumina
1277 1395 1464 1420 ramorum
1493 1388 1615 1427 6075.
1653 1393 1737 1419 cum
1771 1387 1921 1418 truncus

330 1439 414 1478 effet
442 1452 492 1485 49
503 1452 565 1476 00.
601 1440 644 1477 In
671 1441 740 1478 alio
768 1441 938 1490 exemplo
965 1441 1018 1478 hee
1045 1443 1201 1479 rationes
1229 1442 1376 1480 fuerunt
1411 1448 1532 1487 3789.
1566 1436 1697 1486 4659ss
1723 1441 1760 1477 δε
1788 1441 1921 1479 iterum

329 1501 369 1537 in
393 1499 462 1537 alio
486 1510 587 1543 1521
618 1511 740 1545 2250.
776 1499 917 1537 Verum
940 1500 1016 1538 haec
1034 1502 1124 1538 ratio
1144 1503 1262 1550 maJ'or
1285 1502 1334 1539 est
1349 1530 1358 1544 ‚
1394 1503 1477 1550 quia
1499 1514 1538 1538 ea
1558 1507 1657 1538 aetate
1683 1499 1809 1538 duetus
1830 1505 1922 1536 arte-

329 1559 442 1597 riosus
465 1559 571 1596 altera
588 1566 695 1597 aortae
726 1559 971 1597 descendentis
999 1560 1100 1597 radix
1120 1561 1168 1598 est
1184 1590 1192 1604 ,
1231 1573 1350 1610 neque
1379 1573 1467 1609 ergo
1493 1566 1591 1598 aorta
1607 1589 1615 1602 ‚
1654 1571 1733 1609 quae
1758 1558 1803 1595 de
1825 1558 1919 1595 smis-

326 1626 388 1656 tro
403 1619 605 1656 ventriculo
621 1619 763 1668 prodit,
800 1626 898 1657 totus
916 1627 1064 1658 truncus
1085 1621 1134 1657 est
1149 1629 1266 1658 aortae.
1299 1619 1343 1657 In
1358 1620 1588 1658 mesenterica
1602 1620 1727 1657 arteria
1742 1619 1920 1655 rationem

330 1679 451 1715 trunci
477 1678 520 1714 ad
541 1678 713 1715 undecim
736 1690 855 1715 ramos
880 1681 995 1728 reperi
1022 1690 1112 1723 529.
1144 1686 1241 1723 988.
1272 1678 1313 1716 In
1330 1679 1489 1716 carotide
1511 1680 1626 1728 reperi
1651 1678 1776 1716 lumen
1800 1678 1920 1714 trunci

328 1738 538 1774 communis
559 1736 658 1774 fuisse
690 1748 766 1782 529
795 1738 923 1776 decem
943 1737 1211 1776 millessmarum
1231 1738 1372 1788 pollicis
1394 1767 1403 1780 ‚
1444 1738 1584 1791 lumina
1615 1749 1702 1775 vero
1732 1736 1920 1773 cerebralis

326 1798 463 1834 arteriae
490 1797 525 1833 ἃ
549 1805 704 1834 externae
723 1797 913 1845 conjundta
937 1803 1031 1842 768.
1076 1797 1119 1835 In
1144 1798 1276 1836 eodem
1301 1798 1452 1835 homine
1482 1797 1629 1835 luminis
1659 1795 1827 1833 carotidis
1859 1807 1919 1832 ex-

327 1863 440 1893 ternce
471 1855 686 1905 quadratum
705 1885 714 1899 ,
755 1869 839 1893 nam
868 1857 912 1894 de
933 1857 1112 1906 quadratis
1138 1857 1277 1907 semper
1296 1857 1414 1894 sermo
1436 1857 1506 1899 est,
1543 1856 1647 1905 super
1667 1854 1918 1904 thyreoideam

330 1915 399 1953 fuit
430 1926 444 1950 1
458 1921 521 1959 69.
555 1915 693 1953 lumina
708 1927 794 1953 vero
815 1917 977 1965 quinque
999 1928 1185 1954 ramorum
1204 1944 1213 1958 ,
1259 1928 1352 1965 quos
1378 1915 1572 1953 confertim
1589 1927 1633 1952 eo
1657 1914 1742 1951 loco
1768 1913 1843 1951 haec
1863 1926 1918 1951 ca·-

329 1976 419 2012 rotis
448 1974 620 2024 producit
651 1981 741 2020 376.
773 1974 895 2013 Plures
921 1975 1101 2013 mensuras
1123 1975 1304 2013 recensere
1328 1974 1537 2025 supersedeo
1556 2003 1564 2017 ,
1596 1974 1767 2023 plurimas
1797 1979 1918 2010 autem

327 2033 444 2072 sumfi.
481 2033 534 2072 Ex
560 2036 602 2071 iis
620 2042 761 2077 autem,
802 2047 887 2084 quas
917 2035 1114 2084 proposui,
1149 2035 1250 2073 facile
1268 2035 1482 2077 deducitur,
1519 2035 1639 2071 trunci
1663 2032 1708 2070 ad
1729 2044 1848 2069 ramos
1863 2032 1919 2070 lu-

328 2106 417 2131 men
439 2092 506 2130 effe
537 2095 573 2131 in
598 2096 737 2132 ratione
760 2093 1076 2144 sub-sesqui-altera
1093 2123 1102 2137 ‚
1141 2094 1199 2132 vel
1229 2097 1349 2132 minus
1381 2095 1511 2136 etiam,
1552 2101 1593 2131 ut
1618 2104 1805 2130 ramorum
1833 2104 1918 2142 por-

326 2154 382 2190 tio
409 2154 525 2200 major
547 2152 597 2190 fit.
633 2153 903 2192 Inconstantem
926 2165 1013 2191 vero
1033 2156 1212 2192 rationem
1242 2153 1308 2191 effe
1340 2154 1441 2191 facile
1472 2165 1517 2190 ex
1547 2151 1720 2190 mensuris
1747 2152 1913 2201 adparet,

330 2213 369 2248 <Sc
393 2212 535 2250 videtur
552 2214 590 2249 in
612 2215 772 2250 minimis
787 2214 925 2252 lumina
944 2227 1129 2252 ramorum
1148 2227 1215 2263 pro
1236 2215 1354 2251 trunci
1371 2215 1541 2263 portione
1556 2214 1698 2249 minora
1720 2210 1795 2249 effe.
1825 2211 1917 2249 Vul-

329 2283 415 2318 gare
439 2271 488 2308 est
512 2273 549 2308 in
577 2274 670 2309 ranis
697 2272 819 2310 vidisse
840 2303 848 2316 ‚
893 2274 978 2311 duas
1005 2287 1111 2311 venas
1143 2273 1367 2316 mesenterii,
1407 2274 1514 2310 unius
1540 2272 1683 2320 globuli
1707 2283 1850 2320 capaces
1879 2273 1917 2307 in

328 2342 448 2368 unum
475 2332 685 2369 trunculum
712 2333 895 2385 confluere
918 2362 927 2377 ‚
973 2336 1034 2383 qui
1068 2334 1159 2373 duos
1185 2330 1357 2382 globulos
1391 2331 1609 2371 transmittat.
1655 2330 1698 2371 In
1722 2343 1766 2369 eo
1795 2342 1917 2370 exem-

1826 2391 1888 2441 plo
1903 2415 1912 2431 ‚

371 2486 437 2525 (r)
460 2487 477 2518 l.
497 2498 520 2521 c.
536 2498 564 2527 p.
593 2493 657 2526 246.
679 2500 745 2529 247„
