2003 2748
315 147 399 179 262
820 135 1143 177 LIRJV.
1209 136 1383 178 COR.

314 248 390 275 non
415 234 564 285 perinde
585 239 730 283 promte
752 233 788 270 in
810 233 936 271 adulto
959 233 979 281 <
997 232 1057 280 u)
1091 232 1242 271 homine
1259 261 1270 276 ,
1311 233 1406 282 &qin
1432 234 1570 272 morbis
1586 230 1764 283 saepiffime
1788 235 1897 274 vehea

313 304 454 333 menter
469 293 643 331 coalescit.
666 292 737 330 Sed
749 293 799 329 ibi
816 305 890 330 non
904 297 1045 335 manet,
1075 293 1111 330 ἃ
1129 293 1276 330 ulterius
1288 292 1540 331 mediastinum
1552 301 1699 342 oportet
1719 295 1891 344 persequi.

373 353 579 392 Mediastini
599 353 788 389 anterioris
806 352 938 389 lamina
956 350 1088 389 sinistra
1108 364 1126 389 a
1147 352 1275 401 thymo
1297 352 1467 389 recedens
1478 352 1670 390 retrorsum
1684 352 1716 389 se
1732 353 1892 397 confert,

313 415 406 451 inter
432 413 626 461 pulmones
649 411 906 460 summumque
924 410 1046 460 peetus
1073 412 1108 448 ἃ
1133 411 1350 449 subclaviam
1378 412 1542 449 arteriam
1558 439 1567 454 ‚
1603 412 1785 450 accumbit
1810 412 1897 449 duc-

313 475 367 509 tui
393 471 563 509 arterioso
580 499 589 514 ‚
630 483 743 507 nervo
776 471 890 508 octavi
917 472 1030 519 paris,
1067 472 1236 519 arcuique
1263 479 1370 508 aortae
1396 471 1440 508 ad
1458 464 1621 508 arteriam
1647 471 1896 520 pulmonalem

313 531 485 569 sinistram
513 530 622 579 usque
656 528 785 567 insidet
802 557 810 572 ‚
855 530 977 578 estque
1001 537 1107 566 aortae
1130 542 1197 578 pro
1227 539 1375 567 externa
1400 533 1520 568 tunica
1550 532 1605 576 (x
1623 527 1646 570 ).

374 590 426 628 Ita
457 603 540 627 cum
576 589 739 638 suprema
770 595 868 638 parte
895 589 1027 637 pleurae
1059 589 1206 626 dorsum
1236 590 1489 626 convestientis
1508 618 1517 632 ,
1562 591 1598 626 ἃ
1629 590 1808 626 continuo
1832 587 1895 626 sub

314 662 398 688 arcu
428 649 612 686 subclaviae
628 651 762 685 arteriae
784 646 1092 696 pectusfinientis,
1122 648 1332 696 collumque
1345 649 1388 685 ab
1416 660 1460 684 eo
1479 648 1688 697 separaum,
1710 648 1752 684 ad
1779 648 1897 696 poste-

315 712 409 746 riora
438 708 623 745 tendendo
653 709 886 744 continuatur
916 715 1010 744 trans
1038 713 1152 743 totam
1179 715 1286 744 aortae
1311 707 1561 749 latitudinem,
1600 707 1743 755 ejusque
1769 719 1830 743 ora
1856 706 1897 742 fi-

313 770 428 809 nistra.
464 767 510 805 Ea
532 767 595 804 ubi
612 768 733 808 venit,
758 768 830 813 jam
855 764 1053 815 psstcrioris
1077 765 1268 812 medici-[lini
1292 765 1423 802 lamina
1439 763 1581 813 finlstra
1598 766 1655 802 est.
1689 765 1800 803 Retro
1818 777 1897 802 aor-

314 837 387 864 tam
409 834 506 864 totns
529 826 713 863 bronchus
730 825 863 865 sinister
891 828 982 862 inter
998 825 1090 862 hanc
1119 825 1286 861 laminam
1310 825 1545 873 dextramque
1571 826 1718 873 ponitur
1736 853 1744 866 ,
1786 825 1816 860 ei
1845 832 1896 861 ta-

316 899 402 924 men
429 885 595 923 broncho
615 885 868 922 mediastinum
891 897 968 921 non
984 884 1135 921 adhaeret
1152 913 1160 926 ,
1200 895 1317 933 neque
1334 885 1479 932 reliquis
1500 884 1684 931 pulmonis
1700 883 1896 931 grandibus

315 945 411 983 vasis.
447 945 502 982 Ab
517 957 616 981 aerea
637 944 747 981 fistula
771 944 949 992 glandulis
979 944 1207 991 conglobatis
1238 942 1453 992 interpositis
1478 943 1550 979 fere
1575 942 1769 991 separatur„

374 1004 464 1042 Inde
488 1016 598 1052 porro
625 1004 799 1045 inferius,
837 1015 945 1051 quam
975 1002 1055 1039 sunt
1082 1003 1300 1051 pulmonum
1334 1002 1432 1043 vasa,
1469 1001 1512 1038 ad
1543 1013 1711 1049 magnam
1740 1013 1758 1038 a
1788 1001 1894 1043 sede„

316 1076 424 1112 quam
458 1063 554 1104 dixi,
601 1062 799 1099 distantiam
819 1089 827 1103 ,
863 1063 954 1098 inter
967 1073 1093 1098 venam
1120 1061 1368 1109 pulmonalem
1394 1061 1599 1098 inferioremv
1619 1060 1786 1097 sinistram
1806 1089 1814 1103 ‚
1860 1062 1897 1097 Sc

314 1123 547 1160 transversum
562 1121 718 1170 septum,
749 1131 842 1157 trans
855 1120 1094 1169 pericardium
1111 1123 1239 1169 pariter
1257 1148 1265 1163 ,
1291 1122 1325 1156 &
1347 1119 1586 1169 oelophagum
1601 1146 1610 1163 ‚
1648 1131 1732 1157 cum
1749 1120 1896 1163 eadem,

316 1194 424 1231 qnam
448 1194 546 1218 nunc
568 1182 667 1222 dixi,
708 1180 899 1229 posteriori
927 1180 1048 1228 pleura
1075 1180 1142 1216 late
1168 1188 1408 1217 continuatur.

377 1240 506 1277 Medio
535 1241 627 1276 inter
658 1239 841 1276 summum
873 1239 908 1274 ὃς
941 1240 1054 1275 imum
1087 1238 1196 1280 loco,
1241 1239 1396 1274 anterius
1427 1228 1574 1287 Quidem
1614 1236 1863 1274 mediastinum
1883 1238 1899 1279 ,'

316 1300 418 1349 qnod
440 1299 640 1348 pericardio
656 1298 841 1334 instratum
865 1297 950 1339 fuit,
987 1298 1022 1333 in
1045 1296 1230 1345 pulmonis
1255 1305 1440 1334 externam
1463 1297 1629 1333 laminam
1651 1298 1893 1333 continuatur.

315 1357 493 1396 Posterius
518 1369 604 1394 vero
635 1369 652 1393 a
678 1357 757 1395 sede
781 1358 913 1393 arteriae
938 1356 1156 1405 pulmonalis
1173 1355 1337 1398 finistrae,
1372 1352 1416 1392 a'd
1441 1355 1530 1392 latus
1563 1362 1670 1391 aortae
1695 1354 1893 1397 sinistrum,

315 1418 493 1467 posterior
512 1417 633 1466 pleura
649 1444 657 1457 ‚
695 1415 739 1452 de
762 1416 935 1452 vertebris
965 1414 1111 1463 surgens
1128 1443 1137 1457 ,
1179 1414 1378 1452 antrorsum
1410 1415 1586 1462 emergit,
1621 1416 1731 1462 inque
1752 1414 1899 1461 pulmo-

315 1489 401 1517 nem
426 1475 601 1513 sinistrum
624 1474 809 1515 inseritur,
846 1482 886 1511 ut
908 1476 1062 1511 omnino
1087 1472 1193 1522 possis
1221 1475 1326 1510 etiam
1353 1473 1412 1509 hic
1443 1485 1578 1521 ponere
1598 1500 1608 1515 ‚
1642 1474 1797 1510 anterius
1823 1484 1899 1509 me-

317 1536 506 1573 diastinum
535 1533 712 1584 pulmone
740 1532 1026 1581 comprehenso,
1062 1535 1120 1570 cui
1148 1545 1214 1581 pro
1246 1534 1415 1570 exteriori
1444 1532 1652 1569 membrana
1680 1531 1752 1573 est,
1797 1531 1898 1568 deni-

317 1607 388 1644 que
416 1607 499 1632 cum
527 1594 715 1643 posteriori
749 1593 959 1628 mediastino
989 1601 1083 1628 trans
1110 1593 1325 1640 pulmonem
1356 1592 1569 1629 continuari.
1614 1590 1689 1627 Ima
1719 1591 1793 1637 ejus
1816 1603 1897 1639 pars

315 1661 412 1691 trans
431 1663 566 1689 aortam
588 1665 605 1689 a
620 1651 726 1689 dorso
745 1651 787 1688 ad
808 1651 1023 1700 pulmonem
1047 1654 1168 1694 venit,
1207 1653 1242 1688 ἃ
1266 1661 1360 1688 trans
1382 1661 1510 1687 venam
1531 1649 1779 1699 pulmonalem
1803 1649 1898 1685 finis-

317 1722 407 1749 tram
429 1712 646 1759 superiorem
666 1739 675 1752 ,
721 1711 878 1759 indeque
901 1718 995 1747 trans
1018 1711 1092 1757 ejus
1117 1711 1232 1747 lateris
1253 1710 1459 1747 bronchum
1474 1738 1482 1752 ‚
1521 1710 1604 1746 inde
1623 1718 1716 1746 trans
1733 1710 1896 1744 arteriam

317 1771 565 1819 pulmonalem
596 1770 765 1806 sinistram
782 1798 791 1811 ,
817 1770 944 1817 'atque
966 1770 1008 1806 ab
1035 1771 1110 1816 ejus
1130 1781 1191 1807 ora
1215 1771 1286 1816 jam
1309 1771 1466 1806 anterius
1486 1771 1617 1805 iterum
1644 1767 1896 1804 mediastinum

317 1831 507 1879 posteriori
537 1831 777 1866 continuatur.
814 1826 859 1864 Ea
886 1834 961 1863 tota
984 1828 1087 1869 sede,
1128 1829 1220 1863 inter
1243 1828 1481 1875 ligamentum
1509 1826 1683 1862 finistrnm
1711 1825 1895 1874 pulmonis

320 1891 355 1925 ἃ
385 1891 477 1926 inter
501 1897 608 1926 aortae
627 1899 749 1924 arcum
768 1914 777 1929 ‚
811 1886 1023 1924 mediastino
1049 1886 1238 1935 posteriori
1269 1898 1353 1924 cum
1379 1885 1579 1934 pericardio
1608 1885 1697 1922 nihil
1729 1896 1897 1922 commu-

318 1960 363 1984 ne
399 1949 456 1984 est.

379 2006 516 2044 Dextra
545 2005 675 2042 lamina
700 2003 902 2042 mediastini
926 2005 1111 2042 anterioris
1139 2003 1269 2041 eodem
1297 2002 1369 2040 fere
1394 2003 1508 2041 modo
1537 2000 1581 2040 ad
1609 2001 1811 2040 dexteriora
1836 2002 1898 2041 vea'

318 2079 371 2103 ωε
396 2078 488 2103 cavae
517 2066 552 2101 ἃ
580 2064 653 2101 fine
678 2066 752 2112 pari
769 2093 777 2106 ,
819 2062 1026 2111 &superius
1053 2065 1145 2100 inter
1161 2063 1377 2111 pulmonem
1404 2063 1440 2099 &
1470 2064 1632 2099 arteriam
1657 2061 1892 2105 subclaviam,

318 2134 413 2161 trans
438 2137 565 2162 venam
579 2136 725 2165 cavam2
758 2121 958 2160 extrorsum
983 2125 1019 2159 in
1056 2122 1195 2159 saccum
1231 2133 1366 2159 caecum
1382 2121 1600 2170 superiorem
1626 2120 1778 2169 penoris
1808 2133 1896 2158 con-

319 2187 475 2221 tinuatur
489 2196 499 2228 3
534 2185 568 2220 <Sc
592 2183 737 2221 inferius
764 2182 854 2219 infra
876 2193 1005 2220 venam
1036 2180 1286 2230 pulmonalem
1307 2180 1470 2217 dextram
1495 2179 1703 2217 inferiorem
1721 2208 1730 2222 ,
1766 2180 1810 2217 ab
1834 2192 1896 2217 an-

1787 2240 1897 2277 terio-

360 2321 370 2353 (
391 2321 436 2351 11³,
461 2320 581 2356 Quoties
611 2323 738 2351 amores
761 2321 904 2355 scribunt,
935 2321 1087 2358 pulmones
1107 2329 1171 2351 cum
1184 2320 1342 2358 pericardio
1366 2325 1505 2351 connatos
1527 2319 1581 2350 esse
1596 2340 1604 2355 ‚
1634 2324 1747 2356 oportet
1765 2319 1895 2357 pleuram

319 2372 384 2392 curn
407 2362 561 2398 pei-iuridici
584 2362 779 2391 conferbuiffe,
803 2362 947 2398 Frequens
970 2363 998 2392 in
1020 2362 1152 2402 hydrope
1174 2362 1297 2400 pectoris
1318 2362 1427 2393 malum
1448 2359 1503 2392 effe
1530 2361 1678 2392 Fabricius
1699 2360 1849 2393 Burni
1863 2368 1895 2390 o-

320 2415 330 2432 ι
350 2413 365 2431 i·
384 2412 397 2429 r
413 2414 428 2430 tv
446 2412 456 2429 τ’,
482 2403 577 2431 auctor
602 2402 639 2431 est
662 2403 692 2431 sle
710 2401 830 2441 ›estin-at.
855 2413 882 2442 p.
908 2410 977 2441 277.

361 2445 436 2480 (α’)
461 2442 489 2472 L.
516 2443 550 2472 ll.
570 2451 597 2480 p.
624 2446 669 2473 60.
