2003 2748
317 195 498 236 SETC.
531 193 640 232 III.
675 191 763 231 Ex
793 171 1127 232 ARTERIIS
1158 192 1233 232 IN
1262 192 1499 233 VENAs.
1623 197 1715 240 ης

213 294 331 342 Hujus
372 291 504 329 nobilis
552 289 786 338 experimenti
826 287 942 336 aliqua
976 289 1120 335 vestigia
1147 317 1155 331 ,
1207 289 1263 325 ἃ.
1282 296 1376 326 certe
1418 287 1579 326 desiderii
1617 290 1713 326 testi-

122 356 244 392 monia
258 382 267 396 ,
300 352 393 400 apud
421 347 628 387 vetustiores
645 347 804 383 medicos
824 347 970 383 exstant.
1026 347 1075 383 lta
1098 347 1233 384 Mans
1247 360 1257 384 1
1273 361 1319 385 LI
1334 360 1384 385 us
1413 347 1440 385 F
1456 359 1466 383 1
1481 359 1501 385 c
1516 359 1567 385 IN
1581 359 1627 385 us
1646 346 1707 396 [f]

124 413 239 455 senes,
277 413 339 461 qui
375 407 636 457 rejuvenascere
670 406 848 454 cupiunt,
883 405 927 441 de
956 406 1128 452 juvenum
1158 406 1309 443 brachiis
1347 404 1557 454 sanguinem
1588 407 1712 455 sugere

121 471 224 520 juffit.
288 469 431 508 Deinde
456 466 613 503 Andreas
634 463 663 501 L
681 476 693 500 1
710 475 731 499 Β
750 475 771 499 A
790 475 812 499 v
829 475 840 499 1
859 476 882 500 u
898 475 913 500 s
940 462 1032 512 [g]
1056 464 1327 501 transfusionem
1347 465 1526 512 sanguinis
1548 467 1593 503 ita
1609 477 1711 503 com-

120 530 304 568 mendavit
323 555 332 568 ‚
361 535 400 564 ut
424 528 530 563 etiam
560 524 668 561 tubos
704 522 939 564 describeret,
980 524 1110 571 quibus
1141 535 1233 573 opus
1254 523 1358 571 effet3
1392 525 1624 573 recipientem
1660 532 1711 562 ta-

121 601 204 626 men
235 586 401 624 tubulum
437 583 528 621 male
554 581 653 620 suasit
675 582 807 618 arteriae
842 582 997 624 inmitti,
1031 582 1329 619 cum·discrimen
1367 584 1501 619 itineris
1527 583 1712 630 sanguinei.

110 649 158 684 ·in
183 647 334 687 arteriis,
359 647 468 692 inque
499 643 596 678 ven-is
627 640 792 678 nondum
820 640 1041 688 perspiceret.
1105 641 1289 687 johannes
1315 642 1480 679 Cotti:
1512 640 1602 691 [h]
1632 641 1709 680 Bel-

120 703 274 742 lunenfis
288 733 298 747 ,
332 703 439 752 paulo
467 702 558 739 ultra
580 700 622 738 M
638 712 658 736 Α
673 712 696 736 R
710 712 724 736 s
738 695 813 736 1’L1
834 711 845 735 1
876 707 1052 749 praecepta
1082 699 1282 749 progressus
1297 729 1305 743 ,
1342 702 1482 748 juvenis
1500 701 1716 750 sanguinem.

72 788 75 789 ν
120 765 157 801 in
175 763 292 801 senem
314 763 550 800 transmittere
574 759 695 798 auitor
721 758 810 802 fuit,
844 767 883 796 ut
902 770 996 796 nova
1016 760 1181 806 juventus
1206 759 1331 798 AEsoni
1354 759 1493 797 rediret„

549 872 580 914 §.
615 866 738 906 XVI.
804 866 1001 914 Anglorum
1025 870 1276 915 experimenta..

1289 931 1307 949 0

208 965 352 1004 Deinde
375 966 410 1002 in
448 963 574 1012 Anglia
593 963 707 1010 magis
738 961 826 998 serio
855 961 900 998 de
934 961 1005 999 hoc
1038 962 1225 1001 medicinae
1255 975 1386 1015 genere
1416 965 1616 1013 cogitatum
1646 966 1712 1004 est,

120 1025 166 1066 Et
201 1026 348 1075 quidem
392 1023 593 1061 Timotheus
632 1011 834 1059 Cufis
866 1032 962 1058 anno
999 1028 1118 1070 1657,
1152 1022 1425 1060 transfusionem
1468 1024 1711 1061 administrare

121 1085 269 1122 molitus
292 1085 358 1125 est,
392 1091 497 1132 atque
527 1081 757 1118 instrumenta
788 1081 944 1129 paravit,
979 1091 1054 1116 non
1080 1087 1198 1118 tamen
1233 1083 1365 1131 absque
1402 1083 1594 1133 multiplici
1618 1081 1713 1119 diffi-

122 1144 273 1185 cultate,
303 1154 408 1189 quam
434 1141 505 1189 ipse
537 1149 705 1188 expertus
741 1138 809 1180 est,
840 1139 874 1174 &
904 1137 1263 1184 HENsnAvurs,
1296 1149 1336 1178 ut
1370 1144 1522 1178 omnino
1556 1140 1712 1181 successu

122 1202 327 1239 exciderent
358 1199 457 1250 [τ’]
521 1198 635 1236 Porro
658 1209 741 1234 cnm
772 1196 820 1235 D.
849 1196 952 1234 CLA
970 1210 991 1234 R
1009 1208 1035 1233 K
1052 1209 1070 1234 E
1097 1211 1193 1236 anno
1230 1205 1351 1243 1663.
1392 1207 1451 1237 16.
1474 1201 1568 1249 Sept.
1603 1213 1712 1252 expe-

118 1260 274 1298 rimenta
303 1259 359 1297 sua
380 1258 546 1296 infusoria
569 1255 799 1305 praelegeret,
835 1256 964 1292 iterum
990 1258 1189 1304 cogitatum
1216 1259 1264 1295 est
1292 1258 1336 1294 de
1362 1259 1596 1296 transfusione
1614 1260 1710 1306 [le]‚

122 1331 232 1368 eaque
253 1331 362 1368 opera
389 1309 484 1355 anno
521 1322 641 1360 1665.
678 1310 745 1360 [l]
769 1314 821 1352 M.
856 1313 1020 1353 Februar.
1056 1314 1196 1354 Oxonii
1224 1316 1373 1354 feliciter
1397 1316 1538 1356 functus
1572 1319 1620 1355 est
1647 1318 1712 1355 Ri-

120 1378 271 1415 chordus
300 1377 487 1415 LowER
504 1404 513 1418 ‚
550 1375 665 1423 deque
699 1386 742 1410 eo
772 1375 1019 1422 experimento
1047 1377 1082 1411 in
1103 1375 1246 1413 duobus
1275 1377 1421 1413 canibus
1449 1377 1540 1414 faito
1559 1377 1712 1415 relatum

122 1438 171 1475 est
194 1438 285 1484 [m]
323 1449 444 1473 coram
476 1435 652 1473 Societate
684 1432 795 1481 Regia
821 1433 854 1469 d.
880 1444 943 1470 20.
971 1431 1072 1482 Junii
1109 1441 1228 1472 1656.
1264 1434 1332 1472 Sed
1370 1437 1476 1472 etiam
1529 1443 1588 1474 16.
1621 1436 1712 1474 Maii

122 1496 248 1532 mensis
285 1495 436 1532 Thomas
465 1494 534 1532 Co
550 1505 575 1530 x
592 1504 611 1529 E
634 1492 678 1529 de
703 1491 936 1529 transfusione
971 1492 1147 1540 sanguinis
1179 1506 1223 1531 ex
1247 1494 1416 1531 columba
1445 1495 1482 1532 in
1503 1495 1712 1532 columbam

122 1554 209 1591 fasta
237 1554 280 1592 ad
304 1554 517 1590 Societatem
545 1550 664 1588 retulit
686 1549 790 1599 [n]
853 1550 1010 1593 Iterum,
1053 1551 1187 1588 Martio
1207 1552 1312 1589 mens.
1336 1554 1418 1589 anni
1448 1560 1566 1591 1666.
1596 1554 1711 1592 Bov-

124 1625 241 1650 teus
269 1614 400 1650 iterum
426 1612 470 1648 de
496 1623 533 1647 ea
556 1610 859 1647 administratione
894 1611 1036 1647 monuit
1064 1608 1119 1658 [0
1136 1609 1181 1659 ],
1217 1623 1296 1660 quse
1327 1620 1467 1654 tamen,
1507 1614 1610 1650 nimis
1635 1624 1713 1649 me=

124 1673 219 1708 mori
245 1671 296 1708 sui
322 1671 438 1708 minus
461 1670 564 1707 fausti
588 1667 756 1706 successus
772 1696 780 1710 ‚
804 1667 955 1716 difficilis
978 1669 1045 1706 visa
1070 1671 1118 1706 est
1145 1670 1324 1707 Timotheo
1342 1671 1372 1708 C
1388 1682 1407 1707 L
1424 1683 1444 1706 A
1463 1683 1486 1707 R
1504 1682 1530 1708 K
1549 1683 1568 1708 Ε
1602 1669 1723 1720 [p];.

123 1730 180 1767 sed
207 1730 238 1767 d.
261 1729 362 1768 Nov.
398 1741 457 1775 14.
476 1730 559 1766 anni
579 1726 735 1775 ejusdem
762 1726 848 1764 DD.
877 1727 1014 1765 Coxn
1042 1728 1078 1764 ἀ
1104 1728 1238 1766 Krno
1264 1728 1537 1766 transfusionem
1561 1731 1598 1767 in
1620 1730 1713 1768 duo-

125 1789 189 1827 bus
221 1790 365 1827 canibus
391 1800 512 1826 coram
543 1787 718 1824 Societate
742 1785 890 1823 feliciter
914 1795 1149 1824 exercuerunt
1185 1788 1289 1834 [q],
1327 1800 1371 1824 ex
1396 1800 1483 1825 vena
1518 1787 1555 1825 in
1583 1801 1712 1826 venam

123 1847 294 1897 sanguine
323 1847 451 1891 misso,
485 1858 564 1897 quae
587 1854 673 1884 tunc
711 1844 903 1883 methodus
935 1857 1029 1883 nova
1061 1845 1154 1890 fuit,
1190 1858 1274 1884 cum
1307 1846 1404 1896 prius
1433 1850 1595 1886 arteriam
1623 1849 1714 1884 inci-2

1584 1906 1712 1944 derent

170 2079 230 2118 (f)
253 2081 336 2118 Apud
357 2080 374 2110 S
387 2090 405 2109 A
422 2089 443 2108 N
457 2088 499 2109 ‘rr
514 2088 535 2107 N
550 2089 564 2108 ι
577 2090 595 2108 r„
610 2089 627 2108 L
641 2090 650 2108 ι
665 2089 685 2108 u
701 2090 723 2108 M
749 2077 778 2108 in
799 2077 895 2115 consu·
987 2079 1048 2116 (l)
1073 2078 1177 2119 Philas
1202 2078 1352 2118 Transafi.
1377 2089 1404 2109 n.
1431 2088 1477 2117 30.
1494 2081 1527 2109 de
1544 2081 1624 2111 corde
1645 2090 1668 2112 c„
1682 2090 1710 2117 4,

115 2121 197 2161 firme
221 2121 416 2159 transfufionis
430 2117 580 2158 sanguinis
595 2126 622 2155 p.
644 2130 690 2156 99.
944 2130 964 2157 p
995 2127 1058 2154 1³8·
1089 2122 1155 2151 edit.
1177 2121 1286 2159 Anglic.

169 2163 237 2199 (g)
262 2163 293 2192 ln
325 2160 474 2199 defensione
500 2158 694 2199 syntagmatis
723 2169 894 2188 arcanorum
988 2161 1061 2197 (m)
1083 2161 1104 2195 B
1119 2173 1127 2190 1
1141 2171 1161 2190 R
1174 2171 1192 2191 c
1205 2172 1226 2191 u
1253 2163 1288 2190 ad
1307 2164 1373 2192 dum
1392 2160 1476 2192 diem.

127 2203 322 2232 chemicorum.
987 2202 1063 2237 (n)
1092 2201 1126 2230 Τ.
1160 2201 1194 2230 11.
1220 2211 1280 2239 pag.
1312 2212 1355 2238 50.

170 2242 237 2277 (h)
264 2244 295 2273 ln
313 2243 439 2272 methodo
458 2240 540 2279 finili
558 2250 676 2279 praepar.
699 2241 892 2270 medicantem.
986 2241 999 2276 (
1017 2252 1031 2270 ο
1049 2242 1060 2277 )
1090 2242 1112 2272 Β
1125 2254 1134 2271 1
1147 2252 1163 2271 x
1178 2251 1195 2271 c
1209 2252 1229 2272 H
1255 2243 1290 2272 ad
1310 2252 1375 2273 eum
1394 2243 1481 2275 diem.

127 2280 229 2318 „Venet
266 2288 352 2317 1628.
987 2282 1065 2319 (p)
1095 2283 1112 2311 l.
1140 2293 1163 2313 c.

170 2323 183 2358 (
206 2326 216 2352 i
236 2326 249 2360 )
277 2321 377 2362 Philas
411 2321 561 2361 Transac7.
582 2333 610 2352 n.
641 2331 685 2362 35.
987 2324 1062 2361 (q)
1085 2322 1129 2352 11>
1144 2334 1192 2352 εκ
1225 2322 1259 2353 Τ.
1288 2323 1325 2354 ΙΙ.
1346 2334 1409 2364 pag.
1434 2335 1500 2362 ¹²³·
1531 2325 1613 2357 Conf.
1640 2326 1709 2358 Phil.

175 2362 247 2400 (k)
273 2364 295 2394 B
311 2375 320 2393 ι
336 2375 354 2394 a
373 2374 390 2394 e
406 2374 429 2395 n
456 2363 490 2395 T.
511 2364 531 2394 l.
555 2374 583 2402 p.
614 2373 681 2402 303·
948 2361 1052 2401 Tranfi
1079 2374 1107 2394 n.
1128 2374 1172 2401 ¹9·
1191 2372 1229 2394 20
1263 2373 1309 2402 25.
1331 2375 1378 2403 27.
1407 2367 1517 2399 Laudat
1533 2375 1628 2399 tamen
1650 2367 1716 2398 La.-

948 2414 973 2434 w
985 2414 1000 2434 z
1011 2414 1030 2434 ε,
1046 2414 1063 2434 υ
1073 2416 1096 2434 Μ
1108 2427 1116 2441 ,
1143 2405 1190 2443 qui
1205 2404 1363 2443 praeivifl'et.

214 2483 340 2522 Huller
367 2483 554 2533 Plv’fiolog.
591 2483 699 2522 Tom.
733 2483 760 2535 L
1040 2483 1091 2538 μ(3Ι
1108 2496 1137 2531 g
