2003 2748
270 109 351 152 433
793 88 946 130 zm.
1006 89 1107 130 JV.
1174 90 1349 132 COR.

272 199 404 248 guinea
425 197 632 241 receptum,
657 188 693 226 Sc
717 187 926 226 calefastum
946 187 979 226 se
1004 187 1148 226 dilatare
1174 187 1322 234 docuit,
1344 196 1385 229 ut
1409 191 1447 229 in
1462 193 1553 231 tubo
1577 194 1693 233 vitreo
1710 196 1879 236 calefacio*

271 258 383 300 solet,
420 257 468 292 ita
489 252 522 288 sa
536 252 700 299 iguinem
723 248 926 298 propellere
945 277 954 292 ‚
995 249 1031 285 &
1059 247 1126 286 effe
1146 251 1351 300 principem
1377 251 1514 290 causam
1542 261 1666 292 motus
1682 255 1872 304 sanguinis.

271 307 425 358 Dila'tari
451 323 537 350 vero
563 315 662 359 parte
685 310 810 358 quinta
835 307 913 356 [h]
931 336 940 350 ‚
981 308 1017 344 ὃς
1038 307 1198 347 sufficere
1214 309 1463 360 propellendis
1492 322 1540 358 25
1579 313 1677 351 libris
1699 312 1880 363 sanguinis

275 379 320 424 (i
330 378 348 424 )
361 403 369 418 ,
391 384 476 410 cum
489 370 524 407 id
538 381 649 407 omne
661 397 669 411 ‚
692 380 767 417 quo
779 367 860 416 plus
872 367 1051 417 ponderat
1064 369 1140 416 ejus
1152 368 1305 419 liquoris
1317 369 1421 408 massa
1432 399 1442 413 ,
1462 372 1512 410 ob
1525 374 1603 410 tubi
1614 374 1764 412 bieruris
1780 381 1885 418 natu-‚

273 447 369 476 ram,
387 430 493 482 poffit
506 441 572 479 pro
584 428 687 467 nullo
699 428 841 466 haberi:
863 427 1043 466 celeritate
1056 440 1144 467 vero
1160 430 1290 477 maj0ri
1306 431 1446 467 incitari
1457 432 1500 469 ab
1514 444 1604 476 aere,
1629 445 1739 483 quam
1751 444 1830 483 quae
1843 432 1885 471 sit

274 493 376 545 pedis
398 493 436 528 in
454 491 599 527 minuto
626 487 786 526 secundo
815 486 973 538 percurfi
994 487 1102 537 (lc),
1139 500 1258 539 eoque
1278 491 1459 540 pertinere
1491 504 1576 530 eum
1595 491 1776 542 sanguinis
1804 505 1886 531 mo-

277 563 378 595 tum,
414 562 523 601 quem
545 549 676 598 absque
699 547 811 586 corde
835 546 1009 597 superesse
1030 560 1099 585 nos
1129 549 1354 587 ostendimus
1376 548 1452 596 (l)
1469 579 1478 594 ‚
1524 552 1561 588 δι
1588 564 1673 590 eum
1699 580 1709 595 ,
1757 553 1821 602 qui
1848 553 1888 590 in

276 625 368 652 vena
387 623 471 649 cava
493 608 707 646 moribundi
733 607 895 645 animalis
918 608 1018 656 viget
1041 607 1109 656 (m
1124 607 1151 654 ).
1184 608 1318 658 Neque
1339 620 1404 646 cor
1421 611 1627 659 primariam
1652 610 1792 650 causam
1807 623 1889 650 mo-

276 680 334 711 tus
361 674 398 709 in
416 671 589 718 sanguine
616 667 683 706 ess'e
700 697 709 711 ,
745 679 831 705 cum
857 668 885 704 is
913 666 1036 717 liquor
1059 669 1167 705 etiam
1200 680 1245 705 eo
1266 675 1434 718 tempore
1458 678 1673 714 moveatur,
1720 683 1797 721 quo
1823 683 1888 709 cot

276 735 315 771 in
337 730 484 769 diastole
503 729 552 767 est
571 731 624 776 (n
641 728 666 774 ).
716 725 792 765 Ovi
810 728 917 764 etiam
939 727 1101 765 incubari
1119 728 1330 778 exemplum
1352 727 1524 774 adducit,
1556 731 1595 766 in
1618 742 1693 780 quo
1715 731 1888 780 equidem

277 795 340 830 vix
368 791 493 840 negari
518 788 636 839 potest
654 817 663 831 ,
708 786 866 824 rarefaffl
895 787 983 824 aeris
1001 785 1221 837 preflionem
1239 788 1316 826 suas
1349 788 1389 824 in
1416 789 1681 837 promovendis
1704 791 1767 828 ovi
1792 797 1888 828 certe

278 852 497 892 humoribus
515 856 632 899 partes
653 849 755 886 tueri.
791 846 907 885 Dedit
924 855 1046 884 tamen
1070 848 1123 885 vir
1155 846 1247 885 Clar.
1263 875 1273 890 ‚
1300 848 1336 885 ὃς
1355 847 1502 886 dederat
1520 848 1573 887 Cl.
1594 848 1886 893 Hureumsou,

242 930 246 934 ·
281 911 403 950 cordis
435 909 503 947 effe
525 908 770 946 secundariam
804 908 842 944 in
865 913 972 944 motu
994 906 1175 955 sanguinis
1201 908 1432 957 potentiam3
1468 908 1651 953 moderari
1678 910 1776 946 enim
1807 920 1890 947 mo-

283 980 362 1010 turn
374 971 597 1011 humorum,
623 968 705 1005 alias
732 967 841 1003 nimis
857 967 1080 1015 praecipitem
1113 966 1276 1005 futurum
1322 966 1384 1014 (n
1400 967 1417 1014 )
1427 980 1438 1013 3
1485 968 1618 1007 deinde
1642 980 1774 1018 augere
1797 969 1890 1006 vires

281 1032 476 1070 circuitum
492 1029 692 1067 humorum
715 1026 885 1063 facientes
901 1055 910 1070 ,
944 1037 1029 1063 cum
1055 1038 1111 1063 eas
1129 1027 1167 1063 in
1186 1026 1396 1064 dilatatione
1414 1027 1592 1073 reservet,
1623 1035 1664 1069 ut
1680 1029 1718 1067 in
1732 1028 1893 1078 breviori

282 1091 536 1130 contrafflonis
557 1096 723 1139 tempore
739 1085 892 1125 validius
915 1093 1114 1136 operentur
1130 1087 1147 1134 <
1166 1089 1249 1122 72³⁶*
1269 1086 1298 1133 ).

582 1203 615 1245 ᾗ.
649 1197 692 1237 X
708 1195 749 1236 X
765 1195 806 1235 X
822 1196 858 1236 V
874 1196 900 1235 Ι.
967 1197 1025 1235 Ad
1053 1209 1108 1235 eas
1134 1195 1334 1245 oly'ecriones
1353 1198 1588 1250 responderam

341 1315 432 1354 Haec
478 1312 660 1350 clarorum
705 1310 870 1346 virorum
905 1308 1032 1359 placita
1054 1338 1063 1352 ‚
1131 1309 1379 1359 experimenta
1426 1312 1462 1348 &
1507 1317 1720 1361 argumenta
1771 1309 1895 1349 candi-

282 1376 350 1415 dus
368 1373 549 1425 produxi,
595 1369 715 1412 nulla,
751 1376 929 1418 quantum
960 1371 998 1406 in
1016 1380 1101 1407 meo
1126 1371 1278 1417 ingenio
1300 1369 1388 1412 suit,
1426 1378 1527 1419 parte
1560 1371 1613 1409 sui
1634 1371 1778 1410 roboris
1805 1381 1894 1408 exu-

282 1443 325 1473 ta.
364 1432 530 1483 Superest
550 1437 590 1469 ut
614 1428 824 1471 ostendam,
859 1441 969 1478 quare
991 1429 1046 1466 his
1063 1429 1236 1467 omnibus
1256 1428 1437 1479 perpensis
1458 1432 1496 1468 in
1520 1430 1695 1469 sententia
1712 1441 1889 1468 maneam.

343 1493 403 1532 De
425 1499 532 1530 motu
560 1489 710 1539 quidem
736 1488 935 1527 humorum
952 1490 1114 1538 primum
1138 1488 1256 1526 dicam
1271 1517 1281 1532 ,
1330 1489 1367 1526 &
1385 1489 1430 1527 de
1450 1491 1519 1528 vita
1537 1519 1546 1534 ,
1584 1503 1663 1540 quae
1681 1497 1741 1529 aut
1763 1489 1894 1539 absque

283 1554 395 1593 corde
407 1554 445 1590 in
459 1551 533 1589 fetu
547 1548 721 1598 superest,
741 1556 860 1586 anteo
877 1548 1115 1586 vehementer
1126 1547 1262 1587 violato
1273 1549 1312 1586 in
1328 1548 1459 1587 adultis
1474 1550 1695 1589 sustentatur.
1722 1549 1764 1587 In
1781 1549 1896 1599 priori

289 1614 440 1664 quidem
453 1609 623 1659 exemplo
635 1608 835 1645 humorum
851 1607 947 1645 lenta
964 1607 1133 1657 impulsio
1151 1619 1169 1646 a
1185 1615 1300 1647 matre
1315 1608 1494 1648 advenisse
1518 1612 1640 1660 potuit
1660 1612 1676 1657 (
1692 1621 1709 1646 o
1724 1611 1761 1656 >3
1792 1605 1899 1657 infal-¹

284 1681 364 1711 tero
390 1670 515 1709 senfin]
546 1681 610 1706 cor
638 1666 871 1705 consumtum
887 1696 896 1710 ‚
940 1668 976 1704 ὁὶ
1000 1667 1125 1705 senfim
1150 1668 1282 1718 pariter
1312 1670 1444 1718 procul
1469 1669 1584 1708 dubio
1615 1671 1707 1709 vires
1730 1670 1810 1707 vitae
1835 1667 1896 1705 de-

284 1730 430 1770 bilitatae
455 1730 612 1767 fuerunt.
649 1725 827 1775 Exiguam
853 1728 889 1764 &
915 1727 1160 1776 imperfedtam
1191 1729 1303 1765 vitam
1333 1741 1414 1778 pars
1449 1729 1623 1780 superstes
1653 1728 1796 1771 cordis,
1835 1732 1896 1765 aut

285 1789 451 1830 auriculae
473 1788 562 1824 nihil
579 1785 680 1836 passae
705 1787 721 1835 (
734 1783 792 1835 p)
821 1785 1071 1825 sustinuerunt.
1124 1786 1257 1837 Neque
1285 1788 1361 1826 haec
1386 1790 1606 1828 morborum
1646 1788 1816 1839 patientia
1849 1785 1895 1822 ab

285 1851 363 1901 aliis
390 1847 583 1887 visceribus
608 1843 704 1881 abest
719 1871 729 1886 ,
760 1854 879 1892 neque
901 1856 1028 1882 eorum
1049 1846 1425 1899 func'tionem-refutat
1438 1874 1448 1891 ‚
1469 1858 1590 1897 neque
1609 1847 1746 1899 cerebri
1762 1843 1896 1894 gravis-

1808 1902 1898 1950 sima,

328 2020 342 2055 (
356 2019 402 2056 g)
426 2015 564 2054 Pbyfique
587 2014 633 2042 des
654 2018 732 2048 corps
756 2006 864 2038 anime's
889 2019 915 2047 p.
942 2017 1009 2045 197.
1035 2017 1102 2038 200.
1130 2017 1199 2039 202.
1225 2009 1252 2040 δε
1279 2005 1313 2039 L.
1340 2008 1374 2041 V.
1401 2014 1457 2045 ἰοῖς

329 2060 377 2098 (h
398 2061 411 2096 3
432 2059 481 2088 Per
503 2055 733 2094 experimentum
756 2052 786 2080 in
808 2050 911 2080 balneo
931 2050 1024 2080 mariae
1043 2049 1150 2081 fassum
1167 2060 1195 2088 p.
1221 2053 1288 2082 206.

329 2103 344 2138 (
366 2103 375 2129 i
397 2101 410 2137 )
433 2109 460 2137 p.
489 2098 557 2126 206.
584 2104 650 2134 207.

330 2144 345 2179 (
366 2142 411 2178 lc)
433 2150 460 2178 p.
485 2149 551 2171 210.

329 2185 344 2220 (
366 2184 406 2220 l)
429 2192 456 2220 p.
481 2189 549 2211 222.

331 2230 341 2256 (
359 2224 413 2259 m)
439 2232 466 2260 p.
486 2230 554 2258 233.

330 2266 345 2300 (
365 2275 385 2293 n
406 2265 418 2300 )
440 2273 466 2301 p.
497 2271 564 2298 239.
970 2300 975 2307 Ε
1002 2299 1008 2306 .

330 2309 346 2342 (
365 2305 434 2359 '¹:st
457 2303 475 2372 11.
502 2313 525 2332 c.
548 2311 575 2339 p.
604 2305 671 2370 ³28⁵
695 2299 803 2330 Eadem
820 2299 911 2331 fuerat
930 2309 1028 2339 opmxo
1052 2301 1141 2333 Ηυτ
1155 2310 1174 2331 c
1186 2310 1229 2333 111
1242 2308 1265 2333 N
1278 2311 1289 2335 s
1303 2311 1320 2335 o
1332 2310 1354 2335 u
1367 2312 1402 2337 n
1415 2302 1447 2337 in
1462 2301 1619 2344 Oecononty
1632 2300 1782 2344 ‹thuman
1794 2299 1900 2341 fram&

361 2357 380 2375 n
475 2367 479 2373 .
504 2353 527 2372 C.
576 2364 581 2371 ·
608 2350 617 2373 ἶ
647 2352 675 2370 Ο.

330 2348 409 2423 ἓο)
429 2345 518 2414 >Confi
545 2352 571 2418 J?
591 2381 622 2411 B.
643 2381 686 2410 131
701 2391 816 2411 auen
831 2393 840 2411 1
870 2383 904 2410 de
935 2384 989 2415 due
1015 2383 1119 2425 mqstri.
1149 2393 1178 2424 p.
1211 2394 1263 2425 97,

329 2429 376 2466 (p
396 2428 410 2465 )
432 2426 574 2457 Seme
597 2421 618 2453 1.
642 2431 669 2455 c.
691 2421 780 2454 T.11.
803 2432 832 2460 p.
861 2428 929 2462 483.
