2003 2748
353 121 1343 168 SECPIIJ.CORDISFABRICA;
1562 137 1642 173 339

38 233 240 277 occupant,
277 237 352 276 quo
371 226 486 275 magis
513 237 532 262 a
558 224 752 273 parietibus
784 223 919 261 arteriae
948 221 1149 264 recedunt,
1181 227 1377 272 totumque
1407 221 1560 261 demum
1591 235 1645 260 ar-²

37 290 133 327 teriae
156 288 284 325 tubum
310 288 417 324 etiam
449 297 546 334 prius
574 283 747 321 claudunt
769 283 882 330 (u),
916 294 1026 331 quam
1052 280 1206 331 perferte
1234 281 1280 320 ad
1315 281 1471 331 angulos
1505 284 1649 320 arteria-

37 360 120 387 rum
151 347 265 385 rectos
298 346 547 396 explicentur.-
571 343 653 380 Sive
681 341 766 380 flatu
793 343 957 380 arteriam
986 342 1076 389 (x)
1108 341 1264 390 repleas,
1299 340 1370 379 five
1397 354 1505 386 cera,
1537 355 1650 392 quam

38 420 84 446 ex
108 419 208 445 ramo
234 407 368 444 arteriae
392 404 599 455 pulmoneae
623 401 744 440 versus
770 413 835 440 cor
852 401 1021 451 repellas,
1056 401 1208 450 perinde
1233 401 1395 441 succedit
1416 403 1648 451 experimen-

38 474 128 506 tum.
164 466 207 505 In
228 479 267 504 ea
289 465 428 503 afflone
457 463 561 500 fibras
583 462 796 500 diducentes
821 461 1001 505 laborare,
1037 460 1263 511 valvulasque
1288 462 1494 511 expandere
1516 461 1570 501 Cl.
1597 463 1648 500 vi-

37 528 69 564 ri
94 527 178 575 (y)
206 524 441 575 scripserunt,
476 535 562 572 quas
591 521 743 570 quidem
770 533 879 559 voces
903 522 950 558 ita
974 520 1155 564 admitto,
1187 531 1228 560 ut
1257 520 1386 564 fibras,
1425 534 1505 572 quae
1531 522 1575 560 de
1599 519 1650 560 al..

39 588 91 625 bo
115 598 248 635 genere
270 596 389 633 neque
411 581 597 621 irritabiles
618 580 706 624 lint,
740 581 941 629 constringi
962 593 1039 618 non
1061 580 1273 630 persuadear
1288 609 1298 624 ,
1332 582 1467 621 robore
1480 594 1567 620 vero
1584 581 1650 620 suo

38 645 194 685 ressstere
222 643 367 682 credam
384 671 392 685 ‚
429 655 475 684 ne
500 641 649 679 valvulae
681 641 837 691 ponderi
867 639 997 690 repulsi
1024 639 1177 690 liquoris
1205 640 1345 679 cedant.

98 703 195 742 Cum
219 711 337 741 tamen
353 701 428 739 fieri
449 700 585 752 pollet,
622 711 662 739 ut
678 714 808 750 magna
824 702 858 739 vi
882 702 925 738 ab
939 700 1127 740 obstruens
1139 700 1378 751 pulmonibus
1402 701 1543 751 sanguis
1568 713 1647 739 vere

37 763 93 803 sus
130 776 193 801 cor
228 762 434 805 redundet,
470 760 509 799 fit
542 762 725 804 omnino,
762 762 798 798 &
829 761 1038 810 frequenter
1073 768 1196 805 certe,
1231 768 1273 799 ut
1300 762 1395 799 inter
1426 761 1488 799 has
1520 761 1647 799 robus-

37 825 148 862 tiores
173 822 397 873 nitentesque
425 820 528 858 fibras
545 850 555 863 ‚
590 821 707 870 aliqua
731 832 811 869 pars
836 819 984 858 valvulae
1008 821 1135 864 cedat,
1171 820 1361 859 divellatur
1385 824 1404 869 <
1418 833 1443 859 z
1458 821 1474 868 )
1491 850 1500 864 ,
1535 820 1650 858 rimis-

38 895 110 934 que
140 895 253 933 porro
287 895 325 920 ea
358 879 485 919 ostiola
518 887 686 930 pateant,
722 882 761 918 in
793 880 934 918 reticuli
964 880 1120 918 modum
1140 908 1149 922 ,
1185 880 1391 928 cujusmodi
1416 882 1523 918 etiam
1554 879 1649 928 sign,

35 955 84 981 rae
111 943 249 981 exstant
282 941 340 991 (α
357 941 386 989 ).
425 940 547 989 Major
577 941 728 978 morbus
754 940 829 982 est,
866 940 1015 989 quando
1042 941 1079 977 in
1104 939 1257 978 duarum
1290 940 1533 982 laminarum,
1569 940 1649 988 qui-2

37 1003 105 1041 bus
136 1002 285 1041 valvulae
314 1000 505 1044 constant,
541 1000 772 1038 intervallum
806 1001 973 1039 materies
1012 999 1165 1042 callosa,
1202 998 1296 1037 offea
1319 1027 1328 1042 ,
1363 999 1504 1050 lapidea
1533 998 1648 1048 depo-

37 1064 145 1100 nitur.
186 1062 446 1111 Frequentiora
476 1072 563 1097 vero
593 1062 631 1097 in
660 1069 759 1098 aorta
785 1059 951 1110 exempla
982 1059 1085 1104 sunt,
1119 1060 1174 1099 uti
1204 1060 1337 1108 majori
1371 1061 1409 1100 vi
1433 1059 1653 1113 sanguinem»

39 1123 84 1160 ab
119 1129 218 1161 aorta
253 1120 481 1160 retrocedere
506 1116 702 1171 'probabile
731 1119 781 1159 fit.

214 1244 246 1286 §.
282 1238 394 1279 XII.
463 1238 564 1277 Alter
585 1238 826 1278 Ventriculus.
864 1237 1003 1290 ,Quibus
1024 1237 1248 1279 Animalibus
1271 1238 1387 1278 nullus
1404 1238 1468 1288 fit.

97 1349 283 1390 Dextrum
316 1348 560 1387 ventriculum
595 1347 854 1398 descripsimus,
889 1347 923 1386 Is
959 1349 1089 1386 unicus
1124 1348 1175 1387 est
1205 1350 1243 1387 in
1272 1348 1488 1388 animalibus
1525 1347 1651 1397 frigidi

39 1410 250 1459 sanguinis,
286 1408 410 1451 nullo,
448 1408 550 1458 quod
582 1407 673 1445 mihi
706 1416 840 1446 notum
864 1407 928 1450 sit,
965 1417 1148 1457 excepto,
1183 1409 1482 1459 quadrupedibus
1515 1420 1652 1458 nempe

41 1471 198 1519 oviparis
235 1467 350 1517 (h),
385 1467 590 1517 serpentum
622 1480 782 1516 genere,
819 1469 855 1505 ὃς
887 1468 1042 1517 piscibus
1062 1467 1239 1516 pulmone
1268 1469 1445 1507 destitutis
1465 1469 1476 1511 (
1494 1470 1571 1515 c),
1612 1469 1653 1507 δε

41 1531 225 1567 vermibus
250 1529 346 1576 (d).
388 1527 454 1565 His
479 1528 651 1566 omnibus
677 1527 914 1570 animalibus,
945 1527 1124 1577 siquidem
1150 1540 1169 1565 a
1194 1535 1320 1566 natura
1348 1529 1568 1578 pulmonem
1593 1540 1652 1566 ac-

40 1596 237 1639 ceperunt,
274 1596 395 1625 tamen
423 1587 514 1625 adeo
542 1589 711 1635 enguam
736 1587 780 1625 ad
805 1587 842 1625 id
865 1586 977 1625 viscus
1001 1590 1165 1624 arteriam
1193 1589 1368 1631 mittunt,
1406 1596 1447 1626 ut
1471 1601 1549 1626 non
1575 1600 1650 1626 ma·¹
1695 1621 1698 1623 ,

39 1649 97 1697 jor
128 1647 194 1692 fit,
228 1660 339 1698 quam
371 1646 558 1696 pulmonis
576 1649 698 1696 portio
734 1648 903 1696 requirat.
945 1646 997 1684 Ita
1030 1649 1173 1697 reperio
1203 1648 1241 1684 in
1277 1660 1384 1690 rana,
1419 1649 1478 1686 cui
1507 1648 1649 1697 sanguis

40 1708 171 1758 friget,
202 1709 312 1758 inque
339 1707 503 1757 piscibus,
538 1705 578 1745 In
598 1719 674 1745 eam
686 1708 852 1745 arteriam
879 1706 977 1745 idem
993 1736 1002 1750 ,
1038 1708 1100 1756 qui
1121 1708 1158 1746 in
1182 1704 1343 1757 reliquos
1370 1719 1490 1746 ramos
1517 1715 1647 1749 aortae,

2 1762 6 1763 ⁷
44 1768 165 1808 cordis
184 1767 406 1806 ventriculus
424 1767 637 1816 sanguinem
650 1767 829 1816 expellere
844 1767 971 1817 potest.
998 1766 1135 1806 Contra
1148 1797 1157 1811 ,
1192 1767 1324 1816 quibus
1340 1767 1554 1807 animalibus
1575 1766 1651 1804 san-

41 1830 122 1877 guis
141 1828 253 1870 calet,
292 1829 332 1864 iis
349 1827 391 1863 ad
410 1827 625 1876 pulmonem
646 1828 770 1864 arteria
798 1836 906 1865 aortae
931 1826 1003 1863 fere
1033 1827 1176 1876 aequalis
1203 1828 1388 1872 mittitur3
1429 1827 1541 1876 iisque
1565 1838 1651 1875 pro-

42 1890 141 1938 prius
177 1886 399 1925 ventriculus
428 1887 530 1925 datus
567 1887 641 1929 est,
673 1887 736 1937 qui
767 1893 903 1925 tantam
933 1886 1072 1924 molem
1105 1886 1286 1934 sanguinis
1318 1885 1487 1934 legitimo
1514 1886 1651 1923 robore

1564 1955 1652 1993 proa

83 2042 96 2079 (
119 2043 169 2080 u)
192 2040 338 2079 Ejusmodi
364 2039 458 2076 figurae
482 2038 545 2070 sunt
575 2039 694 2071 Cowr
710 2050 780 2070 8131
812 2041 870 2072 tab.
895 2052 941 2075 ω.
969 2042 986 2073 f.
1018 2052 1041 2077 z.
1076 2050 1100 2077 ς.
1131 2041 1160 2070 in
1191 2047 1271 2072 aorta
1288 2041 1414 2079 quidem.
1440 2039 1515 2074 Cum
1543 2039 1650 2074 trifolio

42 2084 218 2121 comparavit
248 2083 379 2113 Nil-olaus
404 2080 430 2110 H
445 2092 463 2110 A
477 2092 492 2110 n
505 2092 514 2110 ι
528 2092 545 2111 c
559 2079 746 2120 orfimaine
772 2088 852 2112 anat.
872 2084 978 2119 Journ.
1005 2081 1054 2115 IV.
1078 2083 1128 2123 leq.
1158 2088 1184 2118 8.

83 2126 161 2161 (x)
185 2124 269 2153 Rou
287 2132 436 2153 ΗΛυιτ
466 2120 577 2160 reponfi’
603 2133 627 2160 p.
658 2125 705 2159 64.
734 2127 780 2157 65.

82 2167 160 2204 (gy)
187 2166 308 2194 MO'MG
323 2176 339 2193 A
355 2173 373 2193 G
388 2172 428 2191 Νι
459 2162 579 2202 Arlveis
609 2166 695 2193 Anat.
730 2164 751 2192 V
789 2174 814 2201 p.
850 2167 894 2199 36.

81 2208 162 2244 (z)
186 2206 294 2236 lnam
325 2206 366 2234 vir
386 2204 426 2234 111.
455 2204 522 2234 ibid.
556 2215 578 2241 ρ,
617 2214 662 2242 3¹·
693 2214 737 2240 3².
767 2204 838 2242 Epzst
874 2204 940 2234 XV.
963 2214 989 2234 n.
1020 2214 1064 2241 19.

82 2249 159 2284 (a)
183 2246 361 2278 Cowprn
387 2246 511 2283 κάκηςΔ
545 2245 560 2275 f.
592 2255 614 2283 3.
641 2254 668 2284 4.
699 2245 800 2276 BAss
828 2245 845 2276 l.
874 2255 1047 2284 c.-p.1:4,
1076 2246 1103 2276 &
1128 2245 1157 2276 in
1183 2246 1276 2278 icone.
1302 2246 1447 2277 Samae
1474 2247 1504 2278 in
1527 2247 1575 2279 tab
1603 2258 1650 2286 ις,

82 2288 161 2325 (h)
188 2287 217 2316 ln
241 2288 316 2317 ranis
332 2287 345 2323 J
363 2296 559 2317 ,κροκι-υς
584 2297 612 2325 p.
654 2290 697 2317 16.

82 2329 96 2364 (
116 2339 131 2359 c
152 2329 164 2363 )
187 2327 220 2358 ln
243 2327 324 2365 galeo
353 2327 427 2365 pisce
448 2326 612 2358 Atademiei
638 2327 751 2357 Parifini
765 2328 903 2360 Memoir.
924 2325 1101 2366 pourservir
1118 2327 1137 2358 ἂ
1158 2328 1292 2358 ΙἸιίἔῖοἰνε
1312 2330 1360 2359 des
1380 2331 1539 2361 animaux:
1562 2331 1591 2360 in
1610 2330 1653 2360 xi-

39 2368 108 2408 phia
135 2369 156 2400 B
170 2381 187 2397 A
202 2378 215 2396 Ρ.
231 2379 250 2398 *t
267 2379 285 2397 H
300 2379 345 2397 οι,
359 2380 365 2396 1
380 2379 398 2396 u
425 2371 535 2398 Centur.
565 2370 599 2399 li,
623 2369 680 2407 hist.
711 2368 755 2398 16.
779 2370 806 2398 in
832 2369 982 2405 torpedine
1001 2370 1023 2398 G
1039 2380 1054 2398 R
1071 2380 1122 2400 rw
1140 2368 1288 2408 Mujlrum
1309 2381 1335 2408 p.
1357 2381 1400 2409 39.

84 2412 96 2444 (
115 2411 133 2438 d
151 2412 162 2444 )
186 2409 217 2438 ln
248 2410 360 2449 myrulo
377 2409 411 2440 M
425 2419 438 2437 ε
453 2419 468 2438 a
484 2420 503 2440 Y
531 2412 627 2443 Mem.
658 2411 690 2441 de
710 2410 824 2442 l'Acad.
850 2411 923 2450 Ray.
945 2411 992 2441 des
1005 2408 1110 2452 fi-imc.
1140 2421 1230 2450 1710.
1246 2421 1273 2450 p.
1299 2421 1369 2449 421.
1396 2414 1425 2444 in
1441 2411 1560 2447 cochlea
1577 2410 1660 2447 11¹5*

40 2459 127 2490 551ss
144 2452 178 2482 de
201 2450 284 2482 sochi,
303 2462 331 2491 p.
354 2460 401 2490 25.
427 2449 446 2482 f.
475 2460 500 2491 3.

1146 2497 1182 2539 U
1206 2510 1230 2539 u
1291 2507 1315 2537 a
