2003 2748
566 122 1261 188 SECDJL-VENAEJ
1624 144 1708 189 131·

113 243 270 288 truncis,
305 249 367 284 aut·
385 257 404 283 a
423 244 562 283 morbis
580 243 767 282 recesseris.
803 243 950 282 Verum
967 243 1011 280 de
1038 255 1083 280 eo
1114 240 1216 290 pulsu
1240 239 1322 277 alias
1348 239 1488 277 dicetur
1512 236 1577 287 (x
1595 235 1623 286 ).

417 358 448 400 ς.
498 353 548 392 X,
609 352 879 390 Diametrorum
904 353 997 389 ratio
1022 350 1068 389 ad
1090 351 1242 387 arterias
1256 348 1392 397 socias&

169 461 359 500 Diametro
380 474 485 500 venas
507 463 640 500 arteriis
659 461 859 511 superiores
888 459 954 498 effe
970 488 979 504 ,
1019 459 1161 498 dudum
1178 467 1309 497 notum
1333 459 1382 496 est
1399 486 1408 501 ‚
1448 460 1559 496 unico
1581 471 1700 497 exenia

108 518 172 570 pio
198 521 416 569 pulmonalis
443 534 540 559 venae
571 529 734 570 excepto.
780 520 924 559 Lumen
951 519 1172 569 reliquarum
1200 529 1372 556 venarum
1400 519 1537 567 ubique
1562 518 1710 557 lumine*

107 581 317 617 arteriarum
338 581 452 627 majus
481 579 552 623 est,
591 588 763 618 contenta
775 591 862 617 vero
887 579 992 621 sunt‘,
1030 580 1083 616 uti
1103 578 1261 620 lumina,
1289 589 1373 615 cum
1394 577 1644 625 longitudines
1657 591 1698 615 u-

106 639 249 688 trinque
273 648 373 687 pares
400 637 477 676 sint.
516 638 620 677 Olim
649 640 736 686 Joh.
765 637 959 687 Alph‘onsus
981 636 1007 675 B
1022 650 1043 675 o
1057 651 1079 675 R
1095 649 1114 674 E
1130 649 1149 673 L
1163 649 1183 673 L
1197 649 1219 673 u
1235 650 1258 674 S>
1281 635 1327 683 (y
1344 638 1360 683 )
1389 648 1505 673 aream
1528 636 1698 674 venosam

104 703 225 734 totam·
243 698 287 734 ad
315 705 430 735 totam
458 711 575 736 aream
606 698 811 736 arteriosam
841 697 1050 740 aestimavit,
1084 697 1194 741 uti4.
1226 696 1270 733 ad
1301 707 1330 732 1.
1359 696 1395 732 ἃ
1422 694 1697 733 Bartholomaeus

103 755 148 793 de
167 755 210 793 M
223 769 245 794 o
260 769 282 794 o
296 770 316 794 R
335 757 422 804 (z)
443 756 579 795 lumina
594 757 799 795 arteriarum
817 786 826 800 ‚
853 756 1071 794 venosorum
1087 756 1271 794 luminum
1283 755 1366 792 fecit
1382 754 1444 792 sub
1464 754 1663 805 quadrupla
1683 759 1700 799 2'

101 813 127 850 fi
150 813 242 853 redte
263 828 392 854 vocem
420 815 520 864 duplo
544 818 713 863 majorem
731 829 779 854 ex
797 819 903 854 icone
929 819 1155 864 interpretor.
1196 814 1319 864 Sesqui
1340 814 1488 851 alteram
1513 816 1694 852 rationem

100 873 281 912 luminum
294 875 510 913 venosorum
524 876 567 913 ad
578 876 743 914 arteriosa
755 877 889 925 recepit
907 875 1057 912 Thomas
1075 874 1097 912 S
1112 887 1131 911 c
1145 886 1171 910 H
1184 885 1221 911 w
1235 885 1254 909 E
1270 886 1293 910 N
1307 885 1330 910 i<
1348 885 1367 909 E
1388 873 1439 920 (a
1451 873 1483 921 ),
1507 875 1629 922 potius
1642 876 1695 911 ni-

100 934 167 970 mis
183 945 339 982 parvam.
365 934 571 983 Franciscus
591 948 615 972 D
629 947 648 972 Ε
674 935 696 973 S
710 948 732 972 A
746 948 769 972 U
784 948 806 971 v
820 947 842 971 Α
855 946 879 971 G
892 946 911 971 E
925 947 939 971 s
960 946 998 971 ea
1012 933 1149 971 lumina
1168 932 1251 969 facit
1265 961 1274 975 ‚
1307 933 1360 970 uti
1389 943 1424 974 9.
1458 932 1502 969 ad
1528 943 1564 978 4.
1595 935 1612 981 (
1628 932 1648 970 h
1665 939 1688 981 )‚

156 991 254 1030 Mihi
291 995 415 1030 arteria
447 1002 545 1031 aorta
572 993 746 1043 superiOri
774 1005 857 1032 casia
891 995 928 1030 in
965 993 1116 1031 homine
1143 994 1265 1041 potius
1293 993 1410 1039 major
1445 991 1514 1028 visa
1541 992 1599 1028 est.
1635 991 1695 1029 111:

99 1048 162 1087 Bo
177 1063 189 1087 1
204 1064 219 1088 s
234 1064 275 1088 81
293 1064 312 1088 E
328 1065 350 1089 R
371 1053 477 1089 etiam
499 1053 715 1090 diametrum
730 1061 837 1090 aortae
859 1052 903 1089 ad
922 1065 1000 1089 eam
1022 1064 1150 1088 venam
1169 1051 1254 1088 fecit
1282 1061 1301 1086 2
1314 1061 1344 1094 3.
1372 1056 1404 1091 8.
1424 1050 1469 1086 ad
1491 1061 1554 1094 23.
1580 1050 1689 1098 (c),

96 1108 318 1158 superiorem
346 1113 443 1149 enim
473 1124 602 1149 venam
625 1124 747 1150 cavam
784 1111 1038 1160 adscendentem
1059 1117 1183 1152 vocat,
1213 1109 1389 1159 siquidem
1412 1121 1488 1146 eam
1506 1111 1691 1147 minorem

95 1167 186 1205 facit.
222 1169 264 1206 In
289 1171 396 1207 ariete
424 1182 513 1207 vena
540 1183 624 1208 cava
642 1171 803 1220 superior
829 1171 991 1219 superat,
1026 1172 1064 1207 in
1086 1171 1225 1207 ratione
1258 1180 1271 1203 1
1287 1175 1378 1214 865.
1414 1179 1534 1206 1000.
1565 1168 1657 1219 (d)
1675 1198 1684 1211 ‚

95 1224 132 1263 gc
165 1228 203 1264 in
240 1240 334 1272 ove,
384 1227 422 1266 in
452 1231 591 1267 ratione
628 1240 749 1275 1737·⁸
783 1229 828 1266 ad
860 1240 980 1265 1000.
1019 1229 1038 1277 (
1062 1227 1111 1278 e)
1131 1257 1141 1272 ,
1186 1228 1385 1264 secundum
1421 1227 1484 1264 CL
1500 1240 1511 1264 1
1527 1240 1655 1265 FTON
1671 1241 1686 1264 1

93 1284 150 1322 W
163 1298 175 1322 1
191 1298 216 1324 N
232 1299 256 1324 T
271 1300 292 1325 a
308 1299 320 1324 1
335 1299 360 1324 N
375 1300 398 1325 G
411 1300 470 1325 HA
485 1301 513 1325 m
529 1301 541 1325 1
569 1289 726 1327 calculos
742 1318 751 1333 ,
788 1290 851 1338 qui
876 1301 894 1325 a
919 1288 1010 1324 meis
1041 1300 1118 1325 non
1145 1286 1248 1324 valde
1280 1286 1460 1323 differunt.
1499 1286 1595 1324 Nam
1617 1286 1686 1324 Vir

93 1342 146 1382 Cl.
174 1348 377 1385 tunicarum
399 1347 585 1385 craffitiem
609 1349 786 1391 detraxit,
829 1360 897 1397 qua
923 1353 1022 1384 aorta
1045 1346 1208 1396 superat,
1239 1358 1309 1394 ego
1337 1348 1532 1383 exteriores
1551 1346 1686 1384 diame-

91 1411 166 1441 tros
188 1405 292 1443 sumfi
309 1435 318 1449 ‚
358 1407 491 1456 quibus
515 1406 645 1445 tuni'cae
678 1419 750 1446 una
779 1408 1026 1445 continentur.
1060 1405 1215 1444 Inferior
1243 1417 1336 1442 vena
1358 1416 1442 1443 cava
1470 1406 1507 1443 in
1532 1407 1684 1444 homine

89 1464 277 1502 manifesto
304 1478 412 1514 quam
443 1474 542 1504 aorta
574 1468 691 1515 major
725 1468 774 1504 est
795 1496 804 1510 ‚
843 1467 878 1503 &
910 1467 1088 1503 rationem
1118 1465 1300 1503 luminum
1326 1465 1443 1514 reperi
1475 1471 1544 1501 16„
1566 1465 1610 1502 ad
1643 1477 1680 1508 9.

90 1519 152 1558 CL
169 1534 181 1558 1
197 1535 251 1560 FT
265 1536 289 1561 o
302 1536 324 1560 N
341 1537 364 1561 o
398 1525 524 1562 eadem
552 1525 627 1562 vasa
654 1525 734 1563 sunt
749 1553 759 1569 ‚
796 1528 833 1563 in
856 1526 963 1562 ariete
985 1524 1132 1574 quidem
1151 1525 1204 1561 uti
1228 1535 1240 1558 1
1255 1534 1302 1569 71
1317 1534 1333 1566 3
1365 1524 1408 1561 ad
1431 1534 1443 1557 x
1456 1535 1549 1560 000.
1571 1522 1686 1572 (f),'

87 1581 124 1616 in
144 1593 214 1618 ove
243 1585 295 1620 uti
325 1595 446 1630 1715.
471 1584 521 1621 ad‘
541 1595 661 1621 1000.
696 1585 814 1631 (g),
853 1596 932 1634 quae
955 1586 1147 1620 rationeea
1174 1584 1264 1620 meis
1283 1594 1410 1631 parum
1437 1582 1634 1629 differunt3
1659 1595 1678 1621 a

85 1637 171 1676 sexu
192 1653 279 1679 vero
300 1643 459 1691 pendere
488 1643 631 1681 videtur
651 1672 660 1686 ‚
699 1644 799 1692 quod
821 1650 920 1681 aorta
950 1643 1099 1680 inferior
1129 1654 1196 1692 pro
1224 1643 1396 1691 portione
1425 1653 1525 1678 venae
1551 1641 1680 1679 sodalis

85 1699 123 1734 in
139 1698 282 1738 feminis
296 1703 412 1750 major
440 1702 491 1740 fit.
513 1701 552 1740 F.
579 1701 643 1740 Bo
658 1715 724 1740 rss
743 1715 825 1739 IER
853 1703 945 1740 hanc
966 1704 1143 1740 rationem
1168 1701 1252 1739 fecit
1280 1711 1342 1738 22.
1375 1706 1408 1742 8.
1432 1700 1487 1752 ad„
1509 1709 1569 1744 30.
1599 1712 1679 1755 aorf

84 1763 127 1794 tae
156 1770 242 1797 vero
267 1760 316 1797 ad
335 1768 527 1812 utramque
551 1772 680 1799 venam
710 1773 830 1799 cavam
858 1763 910 1799 uti
940 1773 1030 1798 100.
1063 1762 1107 1799 ad
1134 1770 1228 1806 214.
1263 1760 1364 1808 (h).

140 1816 258 1868 Prope
284 1821 461 1860 renalium
486 1823 694 1859 arteriarum
722 1822 903 1871 originem
928 1822 1000 1869 jam
1025 1822 1140 1868 major
1160 1831 1260 1858 venae
1286 1831 1378 1857 cavae
1400 1818 1444 1857 ad
1466 1827 1603 1858 aortam
1622 1820 1677 1858 rad

1018 1879 1050 1917 R
1115 1890 1136 1918 2
1618 1880 1680 1916 tio

187 1994 200 2027 Ἰ
229 1994 260 2024 L.
292 1995 324 2025 V.
349 1997 386 2024 de
400 1994 555 2034 fimguim's
575 2004 625 2034 per
647 2002 734 2025 arter.
762 1995 801 2032 {9⁹
822 2006 908 2026 venas
930 2002 1017 2026 mom,

186 2035 198 2071 )
225 2037 267 2064 De
283 2042 362 2064 motu
387 2038 506 2065 animal.
528 2037 560 2067 L.
581 2037 617 2066 Il.
642 2038 722 2072 Prop.
749 2041 796 2072 68.

188 2075 200 2111 )
227 2075 380 2114 Instauret.
405 2077 491 2107 Med.
516 2076 548 2106 Tr
576 2077 593 2106 l.
621 2087 646 2115 p.
664 2086 712 2113 42,

221 2117 360 2153 sanguin.
384 2116 475 2155 hssor.
498 2128 524 2155 p.
546 2127 594 2148 21,

180 2116 199 2233 Ξ)
219 2157 317 2186 Theor.
335 2156 427 2197 puffus
443 2167 470 2196 p.
495 2169 521 2196 9.

171 2238 191 2306 ἒ
