2003 2748
306 154 386 181 »ιο
762 128 1345 188 LJB‚JJ.vAsA.

302 240 384 275 nior
409 237 527 286 (n),
566 239 662 277 &in
690 241 792 277 variis
811 242 1021 280 animalibus
1040 242 1070 292 J.
1101 243 1306 283 ZELLER
1339 245 1423 292 (ο)
1452 244 1487 282 δι’
1508 243 1538 294 J.
1571 244 1610 283 C.
1633 242 1884 282 navum-:ii

303 299 356 344 (p
373 298 402 344 ).
439 297 533 334 Cum
554 297 729 337 flavedine
744 301 890 339 mistum
912 303 1085 340 ruborem
1101 304 1300 342 observavit
1315 303 1338 342 S
1350 316 1373 341 Y
1386 316 1406 340 L
1422 316 1445 341 v
1460 316 1472 341 1
1487 316 1508 341 u
1522 317 1536 341 s
1564 304 1607 341 de
1627 304 1658 341 le
1680 303 1707 342 B
1720 315 1742 341 o
1756 316 1777 341 E
1800 305 1851 355 (q
1866 305 1882 350 >

303 357 340 392 δι
360 355 390 404 J.
420 354 589 403 Georgius
614 357 896 398 DUVERNol
927 362 1020 408 (r).

363 414 506 459 Quare,
531 415 555 452 fi
577 428 621 454 ex
645 420 779 455 arteriis
797 420 945 467 injetftus
965 421 1084 470 liquor
1110 423 1147 459 in
1171 423 1246 460 vasa
1272 421 1488 473 lymphatica
1512 421 1655 465 transit,
1688 421 1713 459 fi
1738 422 1886 472 lympha

303 471 316 512 (
333 479 379 523 s)
403 473 480 512 sero
495 474 675 524 sanguinis
691 476 867 516 simillima
889 479 938 517 est
952 508 962 523 ,
995 479 1020 516 fi
1036 482 1074 518 in
1094 488 1172 519 e'am
1185 482 1371 532 lympham
1386 481 1473 531 saepe
1487 482 1520 519 se
1541 481 1727 519 arteriosus
1744 482 1885 531 sanguis

301 531 471 587 admiscet
485 563 494 577 ‚
531 538 685 574 omnino
703 537 845 576 videtur
860 539 991 588 absque
1007 552 1127 578 errore
1145 543 1257 590 recipi
1274 540 1393 591 posse,
1431 543 1539 578 etiam
1562 553 1606 578 ex
1638 542 1771 578 arteriis
1793 542 1890 590 lym·

301 591 441 639 phatica
459 592 535 631 vasa
561 598 785 640 continuari,
821 605 927 648 atque
948 599 1046 638 hunc
1073 602 1179 638 etiam
1207 603 1300 638 inter
1329 601 1505 638 terminos
1536 602 1670 639 arteriae
1692 601 1808 638 rubrae
1831 601 1891 639 lo-

303 661 389 689 cum
409 652 552 692 habere.
585 653 741 694 Dudum
767 655 862 695 Clari
885 659 923 695 in
946 666 1019 696 arte
1046 658 1126 696 Viri
1152 660 1168 706 (
1187 661 1235 707 t)
1266 659 1389 697 similia
1416 660 1629 698 docuerunt.

712 779 744 820 ᾖ.
781 774 823 814 X
837 774 911 815 XI
927 775 977 814 X.
1011 777 1057 816 V.
1093 777 1239 816 Arteria
1261 790 1330 817 non
1353 777 1473 817 rubra.

361 885 501 927 Verum
524 891 636 941 longe
656 893 833 932 diversum
851 890 927 938 eff,
961 896 1063 946 quod
1088 896 1147 935 hic
1166 899 1330 947 inprimis
1358 898 1537 936 volumus.
1587 896 1732 945 Nempe
1759 895 1896 935 omisso

302 946 333 984 A
345 958 366 985 R
381 961 393 984 1
408 962 422 986 s
436 961 460 986 τ
474 962 496 987 o
509 963 532 986 T
546 963 565 987 E
580 964 601 988 L
616 965 634 989 E
647 981 656 995 ,
699 953 831 991 omiffis
860 957 965 992 nimis
1002 957 1159 994 obscuris
1189 958 1256 995 illis
1293 956 1390 995 fibris
1421 957 1555 994 saniem
1588 956 1859 993 continentibus
1874 983 1885 998 ,

303 1018 390 1055 quas
428 1010 519 1046 inter
549 1015 711 1049 arteriam
739 1026 940 1063 venamque
963 1016 1098 1052 medias
1122 1016 1344 1064 intercedere
1361 1018 1414 1054 vir
1443 1015 1592 1063 insignis
1617 1015 1748 1063 scriplit
1772 1023 1827 1062 (u
1842 1016 1858 1060 )
1874 1042 1889 1057 ,γ

302 1065 505 1104 Hermanni
533 1068 596 1106 Bo
611 1084 773 1109 ERHAA
788 1085 841 1109 ve
871 1073 1146 1112 celeberrimum
1173 1078 1364 1113 inventum
1391 1073 1616 1114 constituunt
1637 1074 1712 1112 vasa
1742 1075 1899 1111 artesio->

302 1124 335 1162 sa
356 1124 550 1175 cylindrica
566 1156 575 1171 ,
609 1131 776 1174 arffiora,
811 1144 920 1181 quam
937 1132 978 1170 fit
1003 1135 1100 1171 rubri
1126 1135 1267 1183 globuli
1297 1135 1494 1178 diameter,
1532 1136 1567 1172 &
1597 1136 1802 1171 tenuiorem
1822 1133 1897 1171 huf

303 1196 446 1223 rnorem
468 1188 640 1226 vehentia.
683 1189 783 1227 1³1<AE
799 1204 817 1228 c
832 1204 850 1227 E
865 1204 882 1228 P
896 1204 918 1227 T
933 1205 993 1229 OR
1007 1206 1019 1230 1
1046 1206 1124 1230 eam
1153 1194 1297 1232 laudem
1330 1195 1452 1232 tribuo
1474 1222 1484 1237 ,
1529 1206 1613 1230 nam
1635 1205 1731 1230 anno
1763 1202 1884 1237 1703,

305 1244 397 1289 (x)
436 1258 474 1282 ea
502 1247 577 1284 vasa
605 1248 808 1298 descripsit,
845 1251 982 1300 aliquot
1009 1254 1109 1289 annis
1140 1260 1220 1290 ante
1247 1252 1530 1290 Virussssm
1546 1264 1570 1288 u
1586 1264 1615 1289 Μ
1639 1280 1649 1295 ,
1699 1263 1808 1301 quem
1835 1252 1900 1288 in·-

304 1310 496 1342 ventoreni
523 1308 692 1345 nonnulli
710 1309 803 1346 Galil
827 1312 982 1348 excitant
1001 1312 1018 1359 (
1031 1323 1058 1358 y
1074 1313 1099 1358 ).
1136 1311 1219 1360 Ejus
1236 1313 1333 1349 enim
1354 1313 1421 1349 viri
1451 1311 1525 1348 vasa
1545 1309 1887 1358 neurolymphatica,

305 1369 384 1399 orta
412 1375 457 1400 ex
476 1368 630 1410 arteriis,
664 1370 850 1406 terminata
876 1370 913 1406 in
941 1382 1047 1407 venas
1069 1399 1079 1414 ,
1117 1372 1152 1408 ἂι
1176 1372 1401 1409 membranas
1427 1371 1590 1420 corporis
1608 1370 1769 1407 animalis
1801 1381 1895 1406 con--

304 1421 485 1460 stituentia
517 1425 571 1471 <z
588 1423 623 1473 ),
657 1426 806 1465 demum
824 1440 921 1466 anno
953 1441 1073 1475 1705.
1106 1430 1196 1468 dieta
1221 1430 1310 1468 sunt.
1346 1429 1491 1468 Deinde
1519 1429 1626 1467 serius
1655 1429 1779 1466 dacius
1799 1434 1892 1466 arte-

304 1481 644 1532 riosolymphaticos
672 1486 786 1529 dixit,
824 1496 928 1524 natos
956 1501 1001 1525 ex
1029 1492 1162 1526 arteriis
1181 1517 1191 1532 ‚
1235 1489 1383 1526 insertos
1409 1488 1561 1526 carnosis
1590 1488 1753 1527 duffibus
1775 1516 1785 1530 ,
1830 1495 1892 1524 aut

304 1542 433 1578 venis:
470 1543 613 1593 ejusque
639 1545 767 1583 durius
787 1546 922 1596 adiposi
946 1547 1019 1586 huc
1042 1550 1234 1599 pertinent.
1268 1548 1358 1587 Vasa
1392 1550 1490 1585 enim
1516 1549 1664 1585 minima
1689 1546 1793 1589 sunt,
1832 1558 1892 1583 ve-

303 1598 425 1637 hentia
450 1609 587 1650 partem
611 1603 791 1652 sanguinis
819 1606 1056 1651 decolorem,
1091 1620 1172 1657 quae
1197 1608 1318 1646 denuo
1350 1608 1454 1645 rubra
1484 1607 1546 1650 fit,
1597 1606 1744 1656 quando
1770 1605 1804 1642 se
1826 1607 1893 1642 ite-

304 1669 387 1695 rum
415 1659 566 1698 adtraxit
592 1663 689 1712 (a).
727 1663 865 1702 Verum
894 1667 922 1703 is
952 1665 1041 1704 Clar.
1075 1669 1128 1704 vir
1144 1695 1154 1710 ,
1193 1679 1312 1717 neque
1332 1667 1426 1705 solus
1455 1665 1561 1713 (h),
1599 1666 1677 1702 satis
1703 1664 1891 1702 manifestO

307 1714 521 1757 cenulosanf
540 1721 646 1759 telam
669 1734 737 1772 pro
762 1723 845 1762 vasis
879 1726 1082 1764 minoribus
1108 1726 1286 1777 descripsit
1316 1727 1417 1776 (c).
1466 1724 1595 1774 Longe
1621 1725 1742 1762 minus
1762 1723 1892 1817 speci&

1843 1793 1860 1818 e

348 1893 416 1928 (n)
440 1892 501 1933 Olgfi
526 1903 605 1926 amit.
638 1905 680 1930 η.

348 1933 389 1967 (ο
404 1935 416 1970 )
436 1936 468 1965 In
489 1937 548 1967 diss.
576 1939 609 1967 de
626 1937 764 1977 adminss.
782 1938 870 1980 vafiir.
895 1941 994 1979 lymph.

347 1974 389 2011 (p
402 1976 414 2011 )
438 1976 468 2005 in
480 1976 525 2007 iib.
551 1979 584 2007 de
595 1987 752 2015 pancrcute.

347 2016 417 2054 (q)
439 2014 511 2056 Diffi
533 2021 605 2049 med.
634 2021 709 2051 Vlll.
731 2032 758 2052 n.
785 2032 814 2060 7.

348 2060 415 2092 (r)
440 2058 471 2087 In
493 2059 505 2088 Ι
542 2060 648 2090 Τυτηο·
674 2065 827 2093 Comment.
853 2065 943 2094 Acad.
972 2065 1085 2102 Petrop.

348 2100 416 2133 (ς)
442 2097 598 2137 lnseffione
625 2101 675 2132 Ili.
702 2111 862 2142 eomparata
885 2115 951 2135 cum
974 2105 1035 2135 Lib.
1061 2103 1122 2135 VII.

349 2140 411 2173 (t)
438 2141 570 2170 Nic-olaus
590 2143 664 2172 S'rr.
682 2153 759 2173 Non
774 2156 782 2174 1
797 2156 809 2175 s
829 2146 949 2176 filiusde
968 2144 1082 2184 muscul.
1108 2145 1283 2184 &glaucini
1309 2144 1340 2174 C.
1364 2145 1573 2175 Bsnruot
1588 2152 1635 2174 ιω
1650 2152 1671 2173 υ
1687 2151 1699 2174 ³
1728 2141 1888 2173 THOMJ

307 2177 503 2217 filiusfhecitit.
528 2183 623 2222 histor.
650 2192 729 2214 anat.
758 2196 785 2223 p.
809 2197 854 2225 ¹3-
881 2188 1040 2218 Alartinus
1061 2187 1083 2217 L
1098 2190 1165 2217 13‘1*
1178 2198 1193 2217 Β
1208 2197 1227 2215 a
1251 2188 1284 2215 de
1304 2186 1471 2215 humoribus
1493 2194 1516 2215 c.
1540 2194 1587 2218 22·

349 2219 415 2255 (u)
437 2221 538 2259 Hfior.
563 2226 649 2253 sinim.
677 2226 708 2256 L.
726 2225 766 2255 Ili
802 2236 823 2257 c.
852 2231 876 2257 6.

349 2261 414 2297 (x)
439 2264 480 2291 De
494 2262 545 2301 ufic
564 2267 709 2294 ratiocinii
725 2268 880 2296 mechanici
901 2278 928 2306 p.
960 2279 1002 2305 14.
1025 2268 1090 2308 Just.
1115 2267 1201 2301 Μέίὶ·
1225 2276 1253 2297 fl·
1278 2274 1348 2307 245,

349 2303 360 2335 ί
368 2303 413 2337 y)
436 2303 584 2334 Antonius
600 2305 621 2334 F
636 2316 643 2334 ι
659 2316 675 2336 z
689 2317 701 2336 s
715 2317 727 2336 s
753 2309 786 2337 de
810 2310 969 2337 tumoribus
990 2320 1016 2348 p.
1044 2319 1086 2340 10.

349 2343 415 2377 (2)
441 2344 513 2375 Nov.
538 2344 752 2385 vcfiir.s3stem.
774 2359 803 2387 p.
828 2358 888 2379 112.

349 2384 413 2419 (a)
442 2385 543 2414 Traite'
555 2390 598 2416 des
615 2388 740 2426 liqztcurs
761 2400 788 2427 p.
816 2399 861 2420 22.
892 2399 954 2428 129.
971 2392 1024 2422 ἃς.

349 2423 390 2457 (h
404 2425 416 2462 )
439 2424 545 2457 Eadem
564 2428 602 2458 est
626 2429 662 2459 de
676 2430 708 2461 B.
732 2430 754 2461 B
767 2441 783 2461 o
796 2441 808 2461 s
822 2440 840 2461 c
851 2441 872 2463 fl
882 2441 900 2462 ε
916 2441 936 2462 T
951 2441 999 2462 ‘ro
1028 2442 1089 2464 non
1099 2431 1199 2472 injusta
1213 2430 1333 2471 suspicio
1346 2432 1378 2464 de
1387 2427 1558 2472 salivatiom’
1580 2436 1608 2468 Ρ·
1624 2429 1670 2459 ¹⁶·
