2003 2748
345 156 428 194 316
863 146 1185 189 'LIB.IV.
1253 148 1427 190 COR.

339 258 423 283 cum
455 245 571 282 solid)
604 244 752 283 duob-us
779 246 938 283 maribus
967 246 1154 293 interjesto
1185 253 1286 282 terrae
1310 245 1421 284 trastu
1439 243 1671 284 similitudine
1699 242 1938 285 V12ussr-

338 317 364 342 N
382 317 392 341 1
409 318 430 341 u
445 318 458 341 s
485 305 575 341 olim
601 304 692 342 dixit
712 306 793 352 (lc)
812 334 820 348 ,
855 317 923 343 nos
956 305 1100 342 anulum
1118 303 1212 354 foffae
1232 304 1346 342 ovalis
1369 317 1543 343 vocamus
1565 304 1613 352 (l
1627 305 1656 351 ).
1704 302 1822 352 Hujus
1840 306 1936 344 anuli

337 365 455 411 aliqua
486 364 635 411 vestigia
665 365 760 413 apud
792 366 1015 413 antiquiores
1039 365 1266 401 anatomicos
1294 366 1435 413 reperio
1465 366 1528 411 (m
1543 365 1572 412 >.
1619 362 1830 402 Evidentius
1859 364 1938 402 Na-

336 422 481 459 thaazael
500 421 537 460 H
555 435 566 459 1
582 435 604 460 G
621 435 646 459 ri
660 437 687 460 m
705 436 729 460 O
743 438 762 461 a
793 424 810 471 <
826 424 880 469 n)
918 424 1061 472 strigam
1085 423 1370 471 cartilaginofiim
1398 423 1513 466 dixit,
1549 435 1627 472 quae
1647 424 1685 460 in
1707 423 1824 460 media
1845 435 1937 460 vena

336 494 421 519 cava
449 484 614 519 emineat.
663 482 778 520 Aliam
809 484 958 520 iconem
993 482 1094 520 dedit
1120 483 1308 529 johannes
1333 482 1484 521 Mam
1517 481 1603 532 (ο)
1625 510 1634 524 ,
1680 483 1739 519 cui
1774 482 1935 532 superior

333 553 415 590 pars
432 540 520 590 septi
546 544 686 579 aurium
708 542 779 579 est:
814 542 977 580 lunatum
999 554 1084 579 vero
1105 542 1281 590 nimisque
1299 542 1448 579 brevem
1468 553 1592 579 arcum
1615 540 1816 578 delineavit.
1853 540 1932 578 Vil-

335 608 410 637 tam
430 600 671 638 musculosam
689 602 831 638 vocavit
857 600 888 651 J.
912 601 1043 638 spIczrin
1062 600 1091 638 L
1104 615 1123 638 A
1142 614 1165 638 N
1183 613 1202 638 c
1216 612 1227 637 1
1243 613 1256 637 s
1272 613 1283 637 1
1300 612 1321 637 υ
1335 613 1349 637 s
1378 602 1433 649 (p
1452 600 1491 649 ):
1525 602 1672 638 iconem
1695 602 1800 637 etiam
1817 599 1934 637 TRE-

334 670 462 697 wlus
490 662 507 707 (
532 661 588 707 q)
628 661 827 710 proposuit.
884 660 987 698 ldem
1028 659 1095 697 effe
1130 660 1398 698 nonnullorum
1421 658 1638 697 tuberculum
1677 671 1755 696 non
1790 659 1933 698 dudum

333 720 465 756 monui
493 721 509 766 (
525 731 546 756 r
566 720 591 765 ).

395 777 514 826 Hujus
538 790 630 827 ergo
659 791 740 828 pars
764 779 926 828 superior
953 790 1053 816 arcus
1085 779 1133 816 est
1150 807 1159 821 ,
1201 777 1406 828 carneisque
1431 778 1529 816 fibris
1558 778 1574 826 (
1589 776 1636 823 s)
1664 778 1793 826 pariter
1816 779 1854 814 in
1880 790 1933 816 ar-

333 851 420 876 cum
442 837 543 876 flexis
565 867 574 882 ,
615 849 722 888 atque
744 841 909 876 interiori
937 839 1103 876 auriculae
1131 840 1340 876 membrana
1361 838 1460 876 testis
1478 837 1518 875 fit
1533 866 1543 880 ‚
1584 837 1838 886 cornubusque
1863 836 1931 875 suis

332 898 379 936 ad
399 897 570 936 inferiora
595 898 746 947 respicit.
782 898 828 936 Ea
852 911 989 936 cornua
1005 925 1015 940 ‚
1055 910 1135 947 quae
1152 897 1266 946 vulgo
1290 896 1406 941 isthmi
1429 896 1593 935 columnae
1617 895 1790 933 dicuntur
1814 895 1866 944 (t
1881 896 1901 944 )
1916 924 1926 939 ,

331 957 411 994 satis
434 957 525 995 resta
553 958 752 995 secundum
777 959 967 1006 vestigium
994 957 1097 994 ovale
1121 956 1352 1003 descendunt,
1368 984 1377 999 ,
1417 957 1499 994 imis
1519 963 1640 994 tamen
1655 954 1787 993 finibus
1801 953 1833 991 se
1850 967 1931 993 mu-

332 1023 399 1055 tuo
421 1017 615 1066 respiciunt
634 1045 644 1059 ,
679 1017 791 1066 iisque
814 1017 858 1054 ad
885 1017 918 1055 se
944 1024 1076 1054 mutuo
1097 1017 1429 1065 convergentibus,
1464 1025 1525 1054 aut
1547 1017 1655 1053 unice
1681 1021 1871 1052 extenuata
1893 1015 1929 1051 &

337 1076 502 1125 planiora
545 1076 578 1113 se
624 1076 888 1126 amplectuntur
918 1104 927 1120 ‚
989 1082 1050 1113 aut
1092 1083 1188 1113 certe
1231 1077 1369 1125 exiguo
1402 1073 1594 1113 intervallo
1639 1074 1776 1111 distant.
1828 1073 1930 1119 Qua-

332 1147 370 1172 re
395 1135 454 1173 hic
476 1136 604 1174 anulus
629 1145 689 1174 aut
713 1138 857 1185 penitus
882 1135 993 1174 ovalis
1019 1135 1091 1177 est,
1125 1141 1191 1173 aut
1212 1143 1309 1172 certe
1341 1136 1518 1184 exiguum
1538 1163 1548 1178 ,
1592 1134 1744 1184 perinde
1769 1139 1810 1171 ut
1835 1139 1929 1183 tym-

335 1197 422 1244 pani
447 1196 574 1233 anulus
590 1223 600 1238 ,
642 1195 843 1245 deliquium
869 1197 999 1243 patitur
1027 1197 1083 1242 (u
1100 1192 1125 1241 ).

391 1252 532 1292 Harum
554 1267 666 1303 porro
693 1255 950 1292 columnarum
974 1253 1159 1290 dexterior
1184 1253 1220 1290 &
1241 1253 1362 1291 minus
1388 1253 1550 1294 eminet,
1585 1252 1620 1289 δε
1646 1251 1762 1289 levior
1784 1251 1856 1289 est:
1886 1250 1928 1288 fi-

331 1313 438 1350 nistra
455 1342 464 1356 ‚
497 1325 577 1363 quae
598 1325 698 1351 venae
726 1315 924 1351 coronariae
951 1312 1084 1350 ostium
1105 1324 1123 1349 a
1145 1311 1232 1349 foffa
1257 1311 1508 1361 ova‘li'separat
1526 1340 1535 1355 ‚
1576 1311 1759 1348 robustior
1780 1311 1829 1348 est
1843 1339 1854 1354 ‚
1891 1311 1928 1348 &

331 1372 434 1410 fibras
458 1385 601 1410 carneas
624 1373 842 1411 manifestius
864 1371 1120 1410 descendentes
1142 1372 1249 1408 habet
1275 1373 1333 1418 (x
1348 1372 1380 1419 ).
1586 1402 1590 1405 ,

389 1431 488 1469 Inter
501 1432 613 1479 *hujus
640 1432 761 1469 isthmi
781 1432 960 1471 summam
987 1430 1108 1468 sedem
1134 1431 1168 1467 &
1200 1430 1342 1467 ovalem
1355 1428 1485 1468 fossam
1502 1457 1511 1471 ‚
1551 1428 1677 1467 (ludius
1701 1429 1785 1466 caeci
1808 1428 1844 1465 &
1869 1435 1927 1466 tu-

327 1490 406 1528 buli
431 1491 522 1539 (y)
553 1490 726 1540 superesse
746 1491 862 1529 solent
879 1519 888 1533 ‚
923 1490 967 1528 ad
993 1489 1189 1527 auriculam
1214 1489 1377 1526 dextram
1399 1489 1533 1538 aperti,
1567 1487 1610 1525 ad
1636 1486 1778 1525 finistrae
1808 1487 1928 1525 sedem

327 1548 460 1587 clausi:
498 1549 559 1587 sed
584 1563 645 1587 eos
672 1551 798 1588 dustus
821 1549 948 1587 restius
980 1549 1166 1593 dicemus,
1205 1548 1354 1598 quando
1381 1548 1426 1586 de
1451 1547 1552 1590 fetu,
1592 1546 1712 1597 deque
1739 1547 1926 1597 peculiari-

328 1609 399 1646 bus
421 1610 459 1646 in
485 1608 560 1648 fetu
586 1609 767 1658 sanguinis
791 1611 856 1647 viis
874 1609 995 1647 sermo
1025 1611 1099 1646 erit.

1710 1669 1743 1711 §-
1786 1664 1920 1704 XIIL

369 1772 446 1810 (k)
472 1775 522 1804 Tr.
548 1776 588 1804 du
614 1786 689 1805 eoeur
711 1786 740 1815 p.
775 1785 820 1814 37.
848 1774 903 1806 tab.
934 1785 950 1805 2
985 1774 1004 1805 f.
1034 1783 1058 1804 1.
1087 1772 1204 1805 obscure
1229 1782 1322 1811 neque
1354 1773 1464 1811 optime
1484 1771 1543 1802 tab.
1571 1770 1590 1801 f.
1619 1780 1646 1810 4.
1675 1769 1695 1801 f.
1730 1780 1754 1802 ι.
1778 1769 1810 1800 In
1832 1772 1923 1809 primo

324 1822 417 1852 *opere
435 1825 568 1844 carneum
581 1816 690 1852 fibram
710 1819 843 1853 dixerat,
875 1817 1020 1853 aliamque
1047 1815 1152 1845 malam
1179 1815 1300 1852 figuram
1322 1814 1440 1850 dederat
1465 1815 1498 1842 de
1519 1818 1616 1842 remot.
1642 1812 1681 1848 &
1703 1813 1826 1849 proxim.
1842 1813 1924 1849 prin-

328 1856 383 1931 cipi
401 1866 427 1892 p.
457 1862 522 1925 1¹28.
550 1866 613 1894 ¹29·
647 1857 719 1888 Tab.
741 1858 771 1889 6.

404 1897 418 1925 l
436 1897 448 1931 )
484 1919 489 1925 .
510 1906 533 1926 c.

369 1936 443 1973 (m)
466 1938 657 1976 Hieronymus
682 1939 830 1969 Fabricius
845 1937 880 1968 ab
908 1937 992 1972 Aqu
1006 1947 1026 1966 A
1040 1946 1055 1965 1²
1071 1946 1086 1966 n
1102 1945 1121 1964 x
1136 1945 1154 1965 n
1168 1945 1186 1965 s
1202 1944 1258 1965 NT
1272 1945 1287 1965 E
1311 1935 1345 1964 de
1366 1933 1491 1971 fhrmato
1512 1931 1576 1971 ftffl
1606 1933 1661 1963 tab.
1688 1937 1714 1963 6.
1737 1933 1757 1962 f.
1788 1943 1830 1968 ¹4-
1861 1932 1918 1964 tab.

327 1985 377 2007 ιο.
400 1977 419 2007 f.
449 1987 495 2012 23.
524 1988 571 2016 24.
606 1981 735 2010 Michael
752 1981 861 2016 Rupert
885 1978 907 2008 Β
925 1988 939 2007 13
953 1987 966 2007 s
986 1988 1001 2006 ι.
1015 1985 1064 2006 ER
1092 1977 1121 2005 in
1145 1976 1229 2006 icone
1243 1997 1251 2009 ‚
1286 1986 1349 2013 quae
1368 1976 1458 2005 exstat
1482 1975 1510 2004 in
1532 1976 1594 2010 ejus
1617 1975 1721 2004 admir.
1741 1981 1817 2012 part.
1842 1973 1922 2013 setta·

326 2018 523 2048 delineatione.
549 2022 672 2049 Caecilius
694 2021 714 2051 F
730 2031 774 2051 οι
788 2031 797 2049 ι
813 2030 832 2049 υ
845 2030 858 2050 s
887 2019 917 2048 in
941 2018 1069 2048 editione
1088 2015 1206 2047 Veneta
1230 2016 1319 2046 libelli
1332 2039 1351 2056 „
1365 2017 1399 2046 de
1425 2018 1473 2046 via
1485 2012 1640 2054 sanguinis
1660 2016 1712 2046 &c-

367 2060 448 2096 (π)
474 2058 615 2099 Difilujfit.
643 2069 723 2092 anat.
752 2061 787 2091 T.
822 2070 869 2091 12.
896 2059 914 2089 f.
944 2068 970 2095 3.
990 2068 1058 2089 cum
1080 2058 1144 2088 rudi
1170 2059 1262 2088 icone.

367 2102 381 2135 (
402 2110 416 2129 ο
433 2101 445 2137 )
472 2103 517 2129 De
535 2102 562 2129 la
584 2104 753 2132 circulation
779 2099 899 2139 dufimg
922 2101 994 2129 dans
1022 2101 1045 2129 le
1061 2097 1139 2136 fetus
1160 2099 1181 2130 f.
1201 2102 1229 2130 6.
1255 2108 1283 2137 7.
1303 2101 1332 2129 8.

468 2140 485 2169 l.
505 2150 530 2171 c.
561 2151 591 2180 p.
623 2149 689 2178 108.
714 2144 773 2174 edit
793 2145 852 2179 4ῒο-

366 2140 413 2177 (p
434 2142 446 2176 )

367 2181 445 2219 (q)
470 2180 488 2210 l.
517 2191 541 2211 c.
567 2182 585 2212 f.
619 2193 664 2213 20.
697 2186 750 2215 &c.

368 2222 417 2256 (⁷⁴
440 2222 452 2257 )
476 2232 502 2259 p-
535 2231 603 2261 314.

367 2260 383 2298 ξ
404 2272 417 2291 5
439 2262 451 2296 )
476 2262 535 2291 Mn
550 2272 604 2293 nr
637 2264 654 2292 Ι.
677 2274 702 2294 c.

366 2303 383 2337 (
402 2308 415 2330 t
437 2303 449 2337 )
474 2302 501 2331 P.
533 2304 630 2333 Simon
654 2305 707 2334 Ro
722 2313 745 2334 u
760 2314 814 2334 ΗΑ
829 2314 848 2334 υ
866 2313 916 2334 ιτ
940 2300 1033 2342 offi’rv.
1061 2309 1143 2332 anat.
1159 2301 1253 2340 fistche
1274 2311 1303 2340 p.
1331 2305 1378 2332 66.
1409 2298 1518 2340 reponfi’
1534 2299 1553 2330 ci
1578 2300 1617 2331 M.
1645 2301 1819 2334 Wmsrow
1839 2310 1867 2340 p.
1889 2305 1917 2337 ς,

367 2343 446 2379 (²⁶)
470 2340 572 2380 Fascic.
597 2343 648 2375 lV.
667 2345 712 2382 fig.
741 2355 767 2376 1.
790 2345 943 2383 Aliquanto
963 2345 1052 2379 majus
1071 2343 1254 2374 intervallum
1271 2342 1310 2373 est
1336 2342 1395 2375 tab.
1417 2352 1444 2376 2.
1467 2341 1517 2375 sub
1540 2341 1584 2376 M.
1603 2342 1641 2377 O.

366 2382 417 2456 {x
435 2384 447 2460 Ξ
467 2381 576 2454 ssqgcic.
597 2384 644 2414 iv.
670 2385 716 2424 fig.
743 2391 771 2422 8.
796 2386 894 2418 Fibras
922 2392 1020 2416 tamen
1044 2394 1104 2416 non
1129 2385 1272 2424 exprimit.

393 2432 417 2461 ,θ’
501 2433 508 2453 ¹
532 2447 538 2454 -
559 2435 588 2463 p.
614 2435 664 2457 so.
950 2451 952 2454 ,
