2003 2748
340 111 1304 162 SEcTJJLCORDIS'FABRICA:
1544 135 1622 171 35⁷9

26 213 140 255 ciffim
166 214 210 252 ab
231 226 276 253 eo
301 218 507 253 recurrente
533 227 635 253 ramo
655 215 791 253 radices
815 218 968 266 accipit:
1007 217 1056 254 est
1082 224 1203 255 tamen
1223 247 1233 262 ,
1273 217 1336 256 ubi
1355 215 1445 256 nihil
1462 230 1547 258 cum
1579 214 1625 260 eo

28 287 144 314 nervo
169 287 367 314 commune
393 275 508 312 habet.
541 274 626 323 Ejus
649 274 737 312 fines
763 277 942 313 continuo
964 276 1135 315 dicemus.

91 334 162 372 Sed
193 333 251 372 alii
288 337 395 372 etiam
426 336 463 372 in
495 336 634 371 cervice
663 334 707 371 ad
735 346 799 372 cor
827 337 928 372 nervi
958 337 1099 373 abeunt.
1153 336 1321 376 Truncus
1348 338 1478 389 nempe
1513 342 1622 379 inter-

28 394 171 433 costalis
193 407 238 432 ex
263 394 426 443 glanglio
452 394 623 443 equidem
653 394 818 431 cervicali
850 394 1018 444 supremo
1051 397 1122 432 ima
1155 398 1173 442 (
1191 397 1246 444 a)
1276 406 1375 447 parte
1407 399 1590 439 descendit
1608 430 1618 445 ‚

32 455 69 492 &
89 466 357 503 nonnunquam
377 465 518 491 ramum
548 453 663 490 oc'tavi
686 455 779 507 paria
806 456 961 503 accipit,
1001 452 1084 492 alias
1111 467 1197 493 vero
1213 485 1222 499 ‚
1266 458 1302 494 δι
1323 458 1567 506 frequentius,
1603 462 1632 499 a*

28 516 140 551 tertio
166 513 255 560 (h)
289 519 490 562 quartoque
517 512 552 549 ἀ
574 513 704 561 quinto
729 508 956 551 cervicalium
987 526 1080 563 pare.
1116 513 1262 553 Deinde
1290 517 1332 554 ad
1361 520 1525 566 quintam
1549 519 1623 558 fere

30 573 117 611 colli
138 573 338 610 vertebram
352 599 361 614 ,
398 581 458 609 aut
477 570 662 621 aliquanto
688 571 835 610 inferius
857 574 874 620 <
893 585 909 609 c
926 574 964 619 )‚
994 574 1096 623 supra
1124 577 1258 613 arteriae
1288 576 1507 626 thyreoideae
1533 579 1623 617 infe-

28 634 135 670 rioris
150 633 373 681 praecipuum
396 637 567 678 truncum
585 659 593 674 ‚
630 632 693 681 qui
710 631 974 681 cognominem
995 633 1203 682 glandulam
1225 635 1319 679 adit,
1351 644 1413 674 aut
1433 645 1528 676 certe
1538 648 1625 688 pro-

29 694 128 729 xime
153 690 242 728 infra
271 703 349 728 eam
372 692 535 728 arteriam
552 719 561 734 ,
602 691 778 740 ganglion
805 692 1015 736 constituit,
1053 694 1154 743 quod
1179 695 1348 732 cervicale
1373 698 1523 734 medium
1543 700 1560 745 <
1574 699 1623 745 d)

28 751 246 800 plerumque
268 750 367 792 dixi,
391 762 661 800 nonnunquam
677 779 686 794 ,
716 764 734 788 a
751 753 879 788 vicinis
896 765 913 795 ‚·
940 752 1178 798 thyreoideum
1194 782 1204 796 ‚
1242 757 1363 793 minus
1381 757 1552 806 equidem
1569 758 1626 795 su-

28 822 158 860 premo
184 809 377 852 cervicali,
419 809 570 859 perinde
592 816 714 847 tamen
735 811 910 848 constans.
959 810 1000 848 Id
1026 814 1062 849 in
1091 813 1176 850 colli
1198 814 1362 852 musculo
1389 816 1486 853 recto
1510 819 1626 864 majo-

28 872 60 907 ri
76 869 234 920 pofitum
250 897 260 912 ,
294 881 313 907 a
332 877 461 918 quarto
481 870 685 919 quintoque
709 870 938 908 cervicalium
956 882 1155 909 nervorum
1171 900 1180 913 ‚
1216 885 1308 922 aque
1326 874 1503 923 phrenico
1522 882 1625 913 trun-

28 941 76 967 co
97 929 232 968 radices
257 930 410 978 accipit,
449 930 605 977 majores
621 957 630 971 ,
665 941 774 978 quam
794 930 943 978 quidem
972 930 1044 979 ipse
1071 932 1306 970 intercostalis
1336 946 1469 972 nervus
1504 947 1548 973 eo
1571 935 1627 973 lo-

29 1000 76 1027 co
107 989 180 1032 est,
216 989 252 1026 &
280 988 531 1038 thyreoideam
556 989 720 1025 arteriam
748 990 843 1026 varie
867 989 1057 1038 amplexas.
1104 989 1194 1027 Vidi
1215 994 1322 1029 etiam
1348 993 1422 1031 duo
1448 994 1625 1042 ejusmodi

30 1049 175 1098 ganglia
200 1047 264 1085 fibi
288 1049 438 1090 vicinia,
472 1047 650 1097 variisque
675 1049 816 1085 nerveis
845 1048 1014 1086 funiculis
1043 1051 1135 1087 inter
1162 1050 1194 1086 se
1222 1053 1414 1099 conjuncta
1439 1055 1622 1092 invicem:

29 1120 161 1145 eorum
173 1107 319 1145 inferius
340 1108 543 1157 ponebatur
554 1107 597 1145 ad
610 1106 742 1144 sextam
761 1107 1021 1157 septimamque
1031 1110 1230 1147 vertebram
1247 1111 1333 1148 colli
1353 1113 1391 1149 in
1403 1112 1521 1162 longo
1534 1114 1628 1152 mus-

31 1167 117 1204 culo
131 1195 141 1209 ‚
174 1166 219 1203 ad
241 1168 413 1204 interiora
431 1168 565 1204 arteriae
587 1166 801 1207 vertebralis.
836 1166 951 1204 Etiam
969 1167 1062 1205 hanc
1078 1170 1242 1206 arteriam
1265 1170 1371 1219 hujus
1385 1173 1524 1221 ganglii
1538 1173 1628 1211 rami

29 1231 216 1276 tamquam
235 1223 352 1275 laquei
371 1226 644 1275 amplectuntur.

90 1285 146 1323 Ab
170 1297 214 1322 eo
238 1297 338 1323 nunc
360 1285 484 1322 medio
512 1285 677 1322 cervicali
702 1286 852 1335 ganglio
877 1288 963 1325 varii
989 1289 1077 1324 rami
1099 1299 1163 1325 cor
1181 1288 1324 1327 adeunt.
1360 1289 1404 1328 Et
1425 1292 1547 1341 primo
1565 1291 1627 1329 ali«

31 1346 119 1395 qui,
156 1357 250 1383 unus
277 1344 430 1387 alterve,
471 1345 605 1382 adeunt
636 1357 789 1382 nervum
827 1346 1031 1384 cardiacum
1064 1346 1272 1396 supremum
1305 1349 1413 1398 (e),
1459 1352 1630 1400 quicum

31 1416 146 1442 nervo
164 1411 370 1442 recurrente
387 1416 430 1441 eo
451 1404 536 1445 loco
559 1406 806 1443 communicat
830 1404 918 1456 (f).
951 1405 1108 1444 Videtur
1132 1414 1272 1450 tamen,
1302 1421 1348 1446 ex
1368 1409 1631 1449 diametrorum

32 1466 192 1506 ratione,
227 1476 245 1500 a
279 1464 441 1501 cardiaco
472 1463 640 1512 supremo
669 1465 792 1513 potius
822 1477 954 1503 nervos
991 1465 1036 1503 de
1068 1474 1274 1504 recurrente
1312 1468 1356 1506 ad
1390 1469 1631 1519 oesophagum

35 1530 163 1561 euntes
191 1524 336 1571 augeri,
367 1534 487 1572 neque
515 1521 694 1560 vicissima
715 1532 922 1562 recurrente
946 1525 989 1562 ad
1004 1537 1068 1563 cor
1092 1525 1292 1575 quidquam
1322 1528 1400 1576 (g)
1438 1528 1498 1566 hic
1522 1531 1628 1567 mitti.

33 1581 92 1620 Est
102 1611 111 1626 ‚
128 1583 190 1620 ubi
207 1582 304 1620 nulla
316 1581 492 1630 ejusmodi
506 1594 590 1620 cum
605 1590 811 1620 recurrente
825 1595 939 1622 nervo
953 1584 1184 1622 anastomofis
1201 1585 1327 1624 locum
1339 1587 1457 1625 habet.
1484 1587 1533 1626 Hi
1547 1600 1633 1638 por-

32 1654 75 1680 ro
98 1643 211 1684 rami,
236 1641 423 1691 supremus
448 1647 579 1691 nempe
610 1641 856 1681 cardiacorum
874 1673 884 1687 ‚
912 1644 1074 1694 alterque
1090 1674 1099 1688 ‚
1133 1657 1232 1682 nunc
1264 1646 1447 1696 expositus
1462 1677 1471 1691 ‚
1503 1650 1540 1685 in
1557 1648 1635 1698 ple-

33 1713 124 1740 xum
149 1702 304 1738 intricati
328 1701 414 1748 (h)
430 1730 439 1744 ,
475 1713 584 1751 quem
607 1713 874 1752 nonnunquam
897 1706 1088 1754 proprium
1113 1705 1290 1754 ganglion
1314 1706 1390 1753 (i)
1417 1707 1631 1756 distinguit,

30 1772 142 1811 porro
172 1760 216 1798 ad
246 1772 310 1798 cor
331 1773 449 1798 ramos
476 1761 557 1799 suos
583 1763 742 1800 mittunt.
779 1761 917 1801 Eorum
946 1764 1157 1802 dexterrimi
1188 1771 1270 1801 ante
1300 1773 1439 1803 aortam
1470 1769 1637 1815 arteriam

33 1819 256 1858 descendunt
280 1822 297 1866 (
309 1820 363 1868 k)
381 1848 389 1862 ‚
428 1832 512 1858 cum
529 1821 760 1870 sequentibus
771 1823 920 1866 irretiti,
957 1824 992 1860 &
1014 1824 1196 1873 partimin
1218 1831 1315 1861 aorta
1328 1825 1390 1863 sub
1409 1826 1543 1864 dextrae
1556 1826 1638 1864 sub-

28 1879 153 1918 claviae
180 1879 272 1917 ostio
297 1887 469 1924 manent,
503 1881 540 1918 &
567 1881 605 1917 in
624 1881 850 1930 pericardio,
881 1884 1013 1932 partim
1041 1883 1084 1922 ad
1120 1882 1325 1922 cardiacum
1356 1885 1505 1934 plexum
1537 1886 1637 1935 prin-

1519 1940 1637 1995 cipem

173 2055 246 2087 Tab.
275 2056 296 2085 A
312 2065 372 2085 nn.
397 2063 421 2084 r.
447 2053 526 2094 Fasc.
546 2055 584 2086 ΙΙ.
611 2057 669 2086 tab.
691 2062 747 2087 art.
778 2057 852 2095 thyr.
879 2055 931 2097 infi
955 2065 1016 2089 ant.

174 2095 278 2135 Fascic.
309 2097 342 2125 ll.
373 2096 409 2126 T.
433 2096 470 2126 Τ.

73 2056 119 2092 (α
137 2055 149 2090 )

73 2097 152 2134 (b)
365 2138 370 2143 .
431 2138 435 2143 .

73 2138 87 2173 (
106 2139 150 2174 c)
172 2138 267 2168 Multo
289 2137 405 2168 inferius
429 2147 458 2166 m
480 2138 514 2168 T.
544 2136 566 2167 A
588 2148 609 2167 N
626 2149 655 2168 n.

73 2179 150 2215 (d)
177 2177 277 2217 Fufi-'ic-
304 2179 338 2207 ΙΙ.
361 2178 379 2208 ¹.
404 2189 427 2208 C.
456 2198 478 2213 υ.
504 2180 576 2209 Tab.
602 2181 690 2210 ANB
719 2198 740 2213 υ.
765 2199 793 2213 ω)

74 2220 151 2255 (e)
174 2219 248 2250 Tab.
272 2221 368 2249 Amo.
394 2230 422 2249 x.
441 2231 464 2257 y
488 2230 511 2250 1.

75 2258 158 2297 (f)
179 2260 262 2290 Conf.
292 2260 359 2290 ibid.
387 2270 433 2290 20.

79 2300 93 2335 <
111 2301 160 2337 g)
182 2301 252 2330 lbid.

75 2340 154 2377 (h)
178 2341 249 2370 lbid.
275 2352 302 2371 u.
332 2351 360 2372 z.
384 2349 412 2371 1.
438 2350 463 2371 2.
486 2352 511 2380 y.
540 2353 558 2372 x
597 2353 623 2381 9.
652 2349 678 2378 3.

77 2380 92 2415 (
115 2383 125 2408 z·
148 2382 160 2417 )
186 2381 261 2413 lbid.
287 2390 312 2412 2.

82 2420 158 2458 (k)
183 2422 267 2455 Confi
292 2422 384 2454 fascic.
410 2421 448 2453 ΙΙ.
473 2425 505 2456 ψ,
531 2428 565 2452 *h
