<?xml version="1.0" encoding="UTF-8"?>
<!DOCTYPE html PUBLIC "-//W3C//DTD XHTML 1.0 Transitional//EN"
    "http://www.w3.org/TR/xhtml1/DTD/xhtml1-transitional.dtd">
<html xmlns="http://www.w3.org/1999/xhtml" xml:lang="en" lang="en">
 <head>
  <title>
</title>
<meta http-equiv="Content-Type" content="text/html;charset=utf-8" />
  <meta name='ocr-system' content='tesseract 3.04.00' />
  <meta name='ocr-capabilities' content='ocr_page ocr_carea ocr_par ocr_line ocrx_word'/>
</head>
<body>
  <div class='ocr_page' id='page_1' title='image "./elementaphysiolo01hall_0230.png"; bbox 0 0 2003 2748; ppageno 0'>
   <div class='ocr_carea' id='block_1_1' title="bbox 350 163 1721 219">
    <p class='ocr_par' dir='ltr' id='par_1_1' title="bbox 350 163 1721 219">
     <span class='ocr_line' id='line_1_1' title="bbox 350 163 1721 219; baseline -0.001 -9"><span class='ocrx_word' id='word_1_1' title='bbox 350 182 435 219; x_wconf 79' lang='lat'>204</span> <span class='ocrx_word' id='word_1_2' title='bbox 619 169 651 208; x_wconf 78' lang='lat' dir='ltr'><strong><em>L</em></strong></span> <span class='ocrx_word' id='word_1_3' title='bbox 674 167 701 208; x_wconf 91' lang='lat' dir='ltr'><em>I</em></span> <span class='ocrx_word' id='word_1_4' title='bbox 725 167 767 207; x_wconf 90' lang='lat' dir='ltr'>B.</span> <span class='ocrx_word' id='word_1_5' title='bbox 801 165 898 207; x_wconf 89' lang='lat' dir='ltr'><strong><em>III.</em></strong></span> <span class='ocrx_word' id='word_1_6' title='bbox 963 163 1311 207; x_wconf 86' lang='lat' dir='ltr'>CIRCUITUS</span> <span class='ocrx_word' id='word_1_7' title='bbox 1360 163 1721 210; x_wconf 87' lang='lat' dir='ltr'>SANGUINIS.</span> 
     </span>
    </p>
   </div>
   <div class='ocr_carea' id='block_1_2' title="bbox 346 262 1937 720">
    <p class='ocr_par' dir='ltr' id='par_1_2' title="bbox 346 262 1937 720">
     <span class='ocr_line' id='line_1_2' title="bbox 347 262 1937 318; baseline 0.001 -13"><span class='ocrx_word' id='word_1_8' title='bbox 347 279 428 318; x_wconf 85' lang='lat' dir='ltr'>quae</span> <span class='ocrx_word' id='word_1_9' title='bbox 464 264 622 304; x_wconf 86' lang='lat' dir='ltr'>arteriofi</span> <span class='ocrx_word' id='word_1_10' title='bbox 650 265 831 314; x_wconf 74' lang='lat' dir='ltr'>sanguinis</span> <span class='ocrx_word' id='word_1_11' title='bbox 868 264 918 301; x_wconf 86' lang='lat' dir='ltr'>est</span> <span class='ocrx_word' id='word_1_12' title='bbox 943 262 1117 306; x_wconf 63' lang='lat' dir='ltr'>directio,</span> <span class='ocrx_word' id='word_1_13' title='bbox 1153 264 1261 301; x_wconf 84' lang='lat' dir='ltr'>etiam</span> <span class='ocrx_word' id='word_1_14' title='bbox 1295 263 1431 302; x_wconf 90' lang='lat' dir='ltr'>venoso</span> <span class='ocrx_word' id='word_1_15' title='bbox 1456 267 1599 315; x_wconf 78' lang='lat' dir='ltr'>antiqui¹</span> <span class='ocrx_word' id='word_1_16' title='bbox 1627 264 1765 304; x_wconf 90' lang='lat' dir='ltr'>Medici</span> <span class='ocrx_word' id='word_1_17' title='bbox 1799 266 1937 306; x_wconf 62' lang='lat' dir='ltr'>tribue?</span> 
     </span>
     <span class='ocr_line' id='line_1_3' title="bbox 348 305 1930 374; baseline -0.001 -9"><span class='ocrx_word' id='word_1_18' title='bbox 348 335 451 369; x_wconf 86' lang='lat' dir='ltr'>runt,</span> <span class='ocrx_word' id='word_1_19' title='bbox 486 333 526 364; x_wconf 89' lang='lat' dir='ltr'>ut</span> <span class='ocrx_word' id='word_1_20' title='bbox 547 325 698 374; x_wconf 76' lang='lat' dir='ltr'><strong>perinde</strong></span> <span class='ocrx_word' id='word_1_21' title='bbox 728 337 773 362; x_wconf 84' lang='lat' dir='ltr'>ex</span> <span class='ocrx_word' id='word_1_22' title='bbox 805 323 917 362; x_wconf 92' lang='lat' dir='ltr'>corde</span> <span class='ocrx_word' id='word_1_23' title='bbox 944 335 1009 373; x_wconf 88' lang='lat' dir='ltr'>per</span> <span class='ocrx_word' id='word_1_24' title='bbox 1048 305 1176 360; x_wconf 65' lang='lat' dir='ltr'>vena⁹m</span> <span class='ocrx_word' id='word_1_25' title='bbox 1208 331 1398 373; x_wconf 83' lang='lat' dir='ltr'>utramque</span> <span class='ocrx_word' id='word_1_26' title='bbox 1428 325 1472 361; x_wconf 86' lang='lat' dir='ltr'>ad</span> <span class='ocrx_word' id='word_1_27' title='bbox 1493 334 1675 362; x_wconf 84' lang='lat' dir='ltr'>extremos</span> <span class='ocrx_word' id='word_1_28' title='bbox 1697 337 1820 364; x_wconf 86' lang='lat' dir='ltr'>earum</span> <span class='ocrx_word' id='word_1_29' title='bbox 1841 326 1930 364; x_wconf 72' lang='lat' dir='ltr'>fines</span> 
     </span>
     <span class='ocr_line' id='line_1_4' title="bbox 346 382 1929 434; baseline -0.001 -11"><span class='ocrx_word' id='word_1_30' title='bbox 346 387 488 433; x_wconf 83' lang='lat' dir='ltr'>sanguis</span> <span class='ocrx_word' id='word_1_31' title='bbox 514 385 728 427; x_wconf 82' lang='lat' dir='ltr'><strong>elideretur,</strong></span> <span class='ocrx_word' id='word_1_32' title='bbox 758 396 802 421; x_wconf 93' lang='lat' dir='ltr'>eo</span> <span class='ocrx_word' id='word_1_33' title='bbox 829 395 913 422; x_wconf 91' lang='lat' dir='ltr'>cum</span> <span class='ocrx_word' id='word_1_34' title='bbox 943 382 1146 420; x_wconf 79' lang='lat' dir='ltr'>discrimine</span> <span class='ocrx_word' id='word_1_35' title='bbox 1163 411 1172 425; x_wconf 85' lang='lat'>‚</span> <span class='ocrx_word' id='word_1_36' title='bbox 1207 390 1249 421; x_wconf 90' lang='lat' dir='ltr'>ut</span> <span class='ocrx_word' id='word_1_37' title='bbox 1275 395 1338 432; x_wconf 86' lang='lat' dir='ltr'>per</span> <span class='ocrx_word' id='word_1_38' title='bbox 1364 385 1506 421; x_wconf 80' lang='lat' dir='ltr'>arterias</span> <span class='ocrx_word' id='word_1_39' title='bbox 1536 384 1650 421; x_wconf 79' lang='lat' dir='ltr'>vitalis</span> <span class='ocrx_word' id='word_1_40' title='bbox 1682 383 1843 433; x_wconf 88' lang='lat' dir='ltr'>spiritus,</span> <span class='ocrx_word' id='word_1_41' title='bbox 1864 397 1929 434; x_wconf 88' lang='lat' dir='ltr'>per</span> 
     </span>
     <span class='ocr_line' id='line_1_5' title="bbox 347 441 1929 493; baseline -0.001 -10"><span class='ocrx_word' id='word_1_42' title='bbox 347 457 455 483; x_wconf 81' lang='lat' dir='ltr'>venas</span> <span class='ocrx_word' id='word_1_43' title='bbox 479 446 646 482; x_wconf 86' lang='lat' dir='ltr'>nutritius</span> <span class='ocrx_word' id='word_1_44' title='bbox 674 443 815 492; x_wconf 78' lang='lat' dir='ltr'>sanguis</span> <span class='ocrx_word' id='word_1_45' title='bbox 843 442 887 481; x_wconf 87' lang='lat' dir='ltr'>ad</span> <span class='ocrx_word' id='word_1_46' title='bbox 911 454 1039 480; x_wconf 87' lang='lat' dir='ltr'>omnes</span> <span class='ocrx_word' id='word_1_47' title='bbox 1062 441 1210 479; x_wconf 86' lang='lat' dir='ltr'>ultimos</span> <span class='ocrx_word' id='word_1_48' title='bbox 1236 442 1462 481; x_wconf 84' lang='lat' dir='ltr'>vasculorum</span> <span class='ocrx_word' id='word_1_49' title='bbox 1489 443 1602 486; x_wconf 83' lang='lat' dir='ltr'>fines,</span> <span class='ocrx_word' id='word_1_50' title='bbox 1636 450 1830 493; x_wconf 89' lang='lat' dir='ltr'>totumque</span> <span class='ocrx_word' id='word_1_51' title='bbox 1849 455 1929 482; x_wconf 89' lang='lat' dir='ltr'>cor-</span> 
     </span>
     <span class='ocr_line' id='line_1_6' title="bbox 346 501 1933 554; baseline -0.001 -13"><span class='ocrx_word' id='word_1_52' title='bbox 346 517 414 554; x_wconf 89' lang='lat' dir='ltr'>pus</span> <span class='ocrx_word' id='word_1_53' title='bbox 438 504 590 541; x_wconf 83' lang='lat' dir='ltr'>animale</span> <span class='ocrx_word' id='word_1_54' title='bbox 615 503 813 541; x_wconf 84' lang='lat' dir='ltr'>veheretur.</span> <span class='ocrx_word' id='word_1_55' title='bbox 879 501 964 539; x_wconf 93' lang='lat' dir='ltr'>Hoc</span> <span class='ocrx_word' id='word_1_56' title='bbox 986 501 1214 539; x_wconf 84' lang='lat' dir='ltr'>memorabili</span> <span class='ocrx_word' id='word_1_57' title='bbox 1245 503 1414 552; x_wconf 80' lang='lat' dir='ltr'>exemplo</span> <span class='ocrx_word' id='word_1_58' title='bbox 1441 504 1648 541; x_wconf 84' lang='lat' dir='ltr'>communis</span> <span class='ocrx_word' id='word_1_59' title='bbox 1672 502 1838 541; x_wconf 84' lang='lat' dir='ltr'>om&#39;nium</span> <span class='ocrx_word' id='word_1_60' title='bbox 1855 515 1933 540; x_wconf 86' lang='lat' dir='ltr'>me-</span> 
     </span>
     <span class='ocr_line' id='line_1_7' title="bbox 347 561 1933 612; baseline -0.001 -11"><span class='ocrx_word' id='word_1_61' title='bbox 347 564 516 601; x_wconf 88' lang='lat' dir='ltr'>dicorum</span> <span class='ocrx_word' id='word_1_62' title='bbox 547 565 676 600; x_wconf 87' lang='lat' dir='ltr'>erroris</span> <span class='ocrx_word' id='word_1_63' title='bbox 706 573 922 603; x_wconf 84' lang='lat' dir='ltr'>monemur,</span> <span class='ocrx_word' id='word_1_64' title='bbox 952 573 998 598; x_wconf 91' lang='lat' dir='ltr'>ne</span> <span class='ocrx_word' id='word_1_65' title='bbox 1025 561 1225 610; x_wconf 80' lang='lat' dir='ltr'>quidquam</span> <span class='ocrx_word' id='word_1_66' title='bbox 1253 573 1321 612; x_wconf 89' lang='lat' dir='ltr'>pro</span> <span class='ocrx_word' id='word_1_67' title='bbox 1357 574 1443 600; x_wconf 91' lang='lat' dir='ltr'>vero</span> <span class='ocrx_word' id='word_1_68' title='bbox 1471 563 1556 601; x_wconf 82' lang='lat' dir='ltr'>ideo</span> <span class='ocrx_word' id='word_1_69' title='bbox 1581 564 1817 612; x_wconf 80' lang='lat' dir='ltr'>recipiamus,</span> <span class='ocrx_word' id='word_1_70' title='bbox 1849 564 1933 611; x_wconf 83' lang='lat' dir='ltr'>quia</span> 
     </span>
     <span class='ocr_line' id='line_1_8' title="bbox 346 621 1932 672; baseline -0.001 -12"><span class='ocrx_word' id='word_1_71' title='bbox 346 630 533 672; x_wconf 87' lang='lat' dir='ltr'>receptum</span> <span class='ocrx_word' id='word_1_72' title='bbox 559 623 626 666; x_wconf 89' lang='lat' dir='ltr'>est,</span> <span class='ocrx_word' id='word_1_73' title='bbox 663 621 722 660; x_wconf 89' lang='lat' dir='ltr'>sed</span> <span class='ocrx_word' id='word_1_74' title='bbox 748 622 994 671; x_wconf 84' lang='lat' dir='ltr'>experimenta</span> <span class='ocrx_word' id='word_1_75' title='bbox 1035 623 1286 670; x_wconf 79' lang='lat' dir='ltr'>acquiramus,</span> <span class='ocrx_word' id='word_1_76' title='bbox 1324 633 1404 671; x_wconf 81' lang='lat' dir='ltr'>quae</span> <span class='ocrx_word' id='word_1_77' title='bbox 1450 621 1561 660; x_wconf 90' lang='lat' dir='ltr'>fidem</span> <span class='ocrx_word' id='word_1_78' title='bbox 1593 623 1723 660; x_wconf 82' lang='lat' dir='ltr'>nostris</span> <span class='ocrx_word' id='word_1_79' title='bbox 1747 623 1932 672; x_wconf 87' lang='lat' dir='ltr'>opinioni-</span> 
     </span>
     <span class='ocr_line' id='line_1_9' title="bbox 347 682 580 720; baseline 0 0"><span class='ocrx_word' id='word_1_80' title='bbox 347 683 415 720; x_wconf 76' lang='lat' dir='ltr'>bus</span> <span class='ocrx_word' id='word_1_81' title='bbox 440 682 580 720; x_wconf 85' lang='lat' dir='ltr'>faciant.</span> 
     </span>
    </p>
   </div>
   <div class='ocr_carea' id='block_1_3' title="bbox 815 773 1463 822">
    <p class='ocr_par' dir='ltr' id='par_1_3' title="bbox 815 773 1463 822">
     <span class='ocr_line' id='line_1_10' title="bbox 815 773 1463 822; baseline 0.003 -10"><span class='ocrx_word' id='word_1_82' title='bbox 815 779 849 821; x_wconf 61' lang='grc' dir='ltr'>ς.</span> <span class='ocrx_word' id='word_1_83' title='bbox 883 773 938 813; x_wconf 92' lang='lat' dir='ltr'>II.</span> <span class='ocrx_word' id='word_1_84' title='bbox 1008 773 1209 822; x_wconf 78' lang='lat' dir='ltr'>Ostenditur</span> <span class='ocrx_word' id='word_1_85' title='bbox 1233 787 1256 812; x_wconf 86' lang='lat' dir='ltr'><em>a</em></span> <span class='ocrx_word' id='word_1_86' title='bbox 1289 774 1463 815; x_wconf 66' lang='lat' dir='ltr'>Vabvulis.</span> 
     </span>
    </p>
   </div>
   <div class='ocr_carea' id='block_1_4' title="bbox 344 870 1973 2165">
    <p class='ocr_par' dir='ltr' id='par_1_4' title="bbox 344 870 1973 1925">
     <span class='ocr_line' id='line_1_11' title="bbox 417 870 1930 922; baseline 0 -12"><span class='ocrx_word' id='word_1_87' title='bbox 417 870 519 921; x_wconf 77' lang='lat' dir='ltr'>Ergo</span> <span class='ocrx_word' id='word_1_88' title='bbox 544 870 811 909; x_wconf 87' lang='lat' dir='ltr'>ostendendum</span> <span class='ocrx_word' id='word_1_89' title='bbox 830 870 879 907; x_wconf 87' lang='lat' dir='ltr'>est</span> <span class='ocrx_word' id='word_1_90' title='bbox 894 899 902 913; x_wconf 86' lang='lat'><strong>,</strong></span> <span class='ocrx_word' id='word_1_91' title='bbox 937 871 1065 920; x_wconf 86' lang='lat' dir='ltr'>utique</span> <span class='ocrx_word' id='word_1_92' title='bbox 1083 871 1305 908; x_wconf 84' lang='lat' dir='ltr'>contrarium</span> <span class='ocrx_word' id='word_1_93' title='bbox 1332 871 1512 920; x_wconf 79' lang='lat' dir='ltr'>sanguinis</span> <span class='ocrx_word' id='word_1_94' title='bbox 1533 883 1598 922; x_wconf 92' lang='lat' dir='ltr'>per</span> <span class='ocrx_word' id='word_1_95' title='bbox 1622 883 1729 918; x_wconf 82' lang='lat' dir='ltr'>venas</span> <span class='ocrx_word' id='word_1_96' title='bbox 1760 873 1827 911; x_wconf 88' lang='lat' dir='ltr'>iter</span> <span class='ocrx_word' id='word_1_97' title='bbox 1853 871 1930 916; x_wconf 81' lang='lat' dir='ltr'>effe,</span> 
     </span>
     <span class='ocr_line' id='line_1_12' title="bbox 344 930 1936 982; baseline -0.001 -13"><span class='ocrx_word' id='word_1_98' title='bbox 344 938 455 981; x_wconf 50' lang='lat' dir='ltr'>&gt;atque</span> <span class='ocrx_word' id='word_1_99' title='bbox 482 931 691 980; x_wconf 85' lang='lat' dir='ltr'>sanguinem</span> <span class='ocrx_word' id='word_1_100' title='bbox 711 943 776 981; x_wconf 87' lang='lat' dir='ltr'>per</span> <span class='ocrx_word' id='word_1_101' title='bbox 804 930 841 967; x_wconf 84' lang='lat' dir='ltr'>id</span> <span class='ocrx_word' id='word_1_102' title='bbox 866 930 1028 982; x_wconf 77' lang='lat' dir='ltr'>yasorum</span> <span class='ocrx_word' id='word_1_103' title='bbox 1049 942 1176 977; x_wconf 82' lang='lat' dir='ltr'>genus,</span> <span class='ocrx_word' id='word_1_104' title='bbox 1200 943 1218 966; x_wconf 84' lang='lat' dir='ltr'>a</span> <span class='ocrx_word' id='word_1_105' title='bbox 1242 931 1401 967; x_wconf 87' lang='lat' dir='ltr'>minimis</span> <span class='ocrx_word' id='word_1_106' title='bbox 1424 932 1570 969; x_wconf 89' lang='lat' dir='ltr'>vasculis</span> <span class='ocrx_word' id='word_1_107' title='bbox 1586 961 1595 975; x_wconf 90' lang='lat'>‚</span> <span class='ocrx_word' id='word_1_108' title='bbox 1630 944 1722 981; x_wconf 89' lang='lat' dir='ltr'>aque</span> <span class='ocrx_word' id='word_1_109' title='bbox 1735 933 1838 969; x_wconf 88' lang='lat' dir='ltr'>omni</span> <span class='ocrx_word' id='word_1_110' title='bbox 1855 944 1936 969; x_wconf 92' lang='lat' dir='ltr'>cor-</span> 
     </span>
     <span class='ocr_line' id='line_1_13' title="bbox 346 988 1936 1041; baseline 0 -13"><span class='ocrx_word' id='word_1_111' title='bbox 346 992 448 1041; x_wconf 76' lang='lat' dir='ltr'>poris</span> <span class='ocrx_word' id='word_1_112' title='bbox 474 990 635 1028; x_wconf 83' lang='lat' dir='ltr'>animalis</span> <span class='ocrx_word' id='word_1_113' title='bbox 667 991 803 1028; x_wconf 83' lang='lat' dir='ltr'>ambitu</span> <span class='ocrx_word' id='word_1_114' title='bbox 826 989 870 1026; x_wconf 88' lang='lat' dir='ltr'>ad</span> <span class='ocrx_word' id='word_1_115' title='bbox 898 1002 962 1027; x_wconf 91' lang='lat' dir='ltr'>cor</span> <span class='ocrx_word' id='word_1_116' title='bbox 987 989 1112 1026; x_wconf 79' lang='lat' dir='ltr'>redire.</span> <span class='ocrx_word' id='word_1_117' title='bbox 1177 988 1349 1028; x_wconf 80' lang='lat' dir='ltr'>Poterant</span> <span class='ocrx_word' id='word_1_118' title='bbox 1374 990 1466 1028; x_wconf 86' lang='lat' dir='ltr'>hanc</span> <span class='ocrx_word' id='word_1_119' title='bbox 1490 990 1620 1028; x_wconf 80' lang='lat' dir='ltr'>summi</span> <span class='ocrx_word' id='word_1_120' title='bbox 1647 993 1827 1028; x_wconf 87' lang='lat' dir='ltr'>momenti</span> <span class='ocrx_word' id='word_1_121' title='bbox 1845 992 1936 1028; x_wconf 87' lang='lat' dir='ltr'>veri-</span> 
     </span>
     <span class='ocr_line' id='line_1_14' title="bbox 347 1047 1933 1098; baseline -0.001 -11"><span class='ocrx_word' id='word_1_122' title='bbox 347 1057 458 1089; x_wconf 82' lang='lat' dir='ltr'>tatem</span> <span class='ocrx_word' id='word_1_123' title='bbox 489 1050 637 1087; x_wconf 79' lang='lat' dir='ltr'>valvulae</span> <span class='ocrx_word' id='word_1_124' title='bbox 659 1049 797 1086; x_wconf 75' lang='lat' dir='ltr'>venosae</span> <span class='ocrx_word' id='word_1_125' title='bbox 825 1047 882 1085; x_wconf 86' lang='lat' dir='ltr'>vel</span> <span class='ocrx_word' id='word_1_126' title='bbox 898 1048 989 1086; x_wconf 69' lang='lat' dir='ltr'>&#39;solae</span> <span class='ocrx_word' id='word_1_127' title='bbox 1014 1048 1175 1090; x_wconf 82' lang='lat' dir='ltr'>dudum,</span> <span class='ocrx_word' id='word_1_128' title='bbox 1209 1061 1301 1097; x_wconf 80' lang='lat' dir='ltr'>aque</span> <span class='ocrx_word' id='word_1_129' title='bbox 1321 1049 1426 1098; x_wconf 85' lang='lat' dir='ltr'>ipfius</span> <span class='ocrx_word' id='word_1_130' title='bbox 1451 1049 1662 1096; x_wconf 80' lang='lat' dir='ltr'>Hieronymi</span> <span class='ocrx_word' id='word_1_131' title='bbox 1686 1049 1842 1088; x_wconf 52' lang='lat' dir='ltr'>Fiam</span> <span class='ocrx_word' id='word_1_132' title='bbox 1858 1062 1903 1088; x_wconf 85' lang='lat' dir='ltr'>CI</span> <span class='ocrx_word' id='word_1_133' title='bbox 1920 1061 1933 1086; x_wconf 89' lang='lat'>1</span> 
     </span>
     <span class='ocr_line' id='line_1_15' title="bbox 349 1106 1936 1159; baseline -0.001 -12"><span class='ocrx_word' id='word_1_134' title='bbox 349 1110 577 1158; x_wconf 73' lang='lat' dir='ltr'>temporibus</span> <span class='ocrx_word' id='word_1_135' title='bbox 601 1108 836 1149; x_wconf 76' lang='lat' dir='ltr'>constituisse,</span> <span class='ocrx_word' id='word_1_136' title='bbox 869 1108 905 1144; x_wconf 65' lang='grc' dir='ltr'>δε</span> <span class='ocrx_word' id='word_1_137' title='bbox 924 1109 1057 1145; x_wconf 82' lang='lat' dir='ltr'>mirum</span> <span class='ocrx_word' id='word_1_138' title='bbox 1079 1115 1174 1144; x_wconf 77' lang='lat' dir='ltr'>certe</span> <span class='ocrx_word' id='word_1_139' title='bbox 1191 1106 1355 1146; x_wconf 68' lang='lat' dir='ltr'>efficaciae</span> <span class='ocrx_word' id='word_1_140' title='bbox 1384 1109 1693 1159; x_wconf 62' lang='lat' dir='ltr'>praejudicatarum</span> <span class='ocrx_word' id='word_1_141' title='bbox 1717 1111 1936 1159; x_wconf 87' lang='lat' dir='ltr'>opinionum</span> 
     </span>
     <span class='ocr_line' id='line_1_16' title="bbox 349 1166 1973 1217; baseline -0.001 -11"><span class='ocrx_word' id='word_1_142' title='bbox 349 1168 560 1217; x_wconf 82' lang='lat' dir='ltr'>exemplum</span> <span class='ocrx_word' id='word_1_143' title='bbox 591 1168 659 1210; x_wconf 88' lang='lat' dir='ltr'>est,</span> <span class='ocrx_word' id='word_1_144' title='bbox 693 1166 845 1217; x_wconf 78' lang='lat' dir='ltr'>potuisse</span> <span class='ocrx_word' id='word_1_145' title='bbox 872 1166 972 1205; x_wconf 86' lang='lat' dir='ltr'>hunc</span> <span class='ocrx_word' id='word_1_146' title='bbox 991 1168 1111 1204; x_wconf 79' lang='lat' dir='ltr'>virum</span> <span class='ocrx_word' id='word_1_147' title='bbox 1143 1179 1198 1203; x_wconf 83' lang='lat' dir='ltr'>eas</span> <span class='ocrx_word' id='word_1_148' title='bbox 1223 1168 1379 1205; x_wconf 78' lang='lat' dir='ltr'>valvulas</span> <span class='ocrx_word' id='word_1_149' title='bbox 1413 1168 1477 1206; x_wconf 86' lang='lat' dir='ltr'>sub</span> <span class='ocrx_word' id='word_1_150' title='bbox 1510 1170 1658 1207; x_wconf 89' lang='lat' dir='ltr'>vinculo</span> <span class='ocrx_word' id='word_1_151' title='bbox 1692 1169 1839 1206; x_wconf 84' lang='lat' dir='ltr'>brachio</span> <span class='ocrx_word' id='word_1_152' title='bbox 1868 1170 1937 1205; x_wconf 81' lang='lat' dir='ltr'>cir·</span> <span class='ocrx_word' id='word_1_153' title='bbox 1971 1192 1973 1194; x_wconf 96' lang='lat'>-</span> 
     </span>
     <span class='ocr_line' id='line_1_17' title="bbox 349 1226 1936 1276; baseline -0.001 -11"><span class='ocrx_word' id='word_1_154' title='bbox 349 1228 529 1275; x_wconf 66' lang='lat' dir='ltr'>cumjecto</span> <span class='ocrx_word' id='word_1_155' title='bbox 555 1227 710 1264; x_wconf 82' lang='lat' dir='ltr'>tumidas</span> <span class='ocrx_word' id='word_1_156' title='bbox 737 1228 887 1276; x_wconf 83' lang='lat' dir='ltr'>pingere</span> <span class='ocrx_word' id='word_1_157' title='bbox 907 1233 923 1274; x_wconf 86' lang='lat'>(</span> <span class='ocrx_word' id='word_1_158' title='bbox 943 1229 956 1263; x_wconf 86' lang='lat' dir='ltr'>z&#39;</span> <span class='ocrx_word' id='word_1_159' title='bbox 974 1226 1014 1273; x_wconf 65' lang='lat'>)3</span> <span class='ocrx_word' id='word_1_160' title='bbox 1050 1238 1168 1275; x_wconf 87' lang='lat' dir='ltr'>neque</span> <span class='ocrx_word' id='word_1_161' title='bbox 1202 1226 1350 1270; x_wconf 74' lang='lat' dir='ltr'>sentire,</span> <span class='ocrx_word' id='word_1_162' title='bbox 1390 1239 1579 1276; x_wconf 80' lang='lat' dir='ltr'>nunquam</span> <span class='ocrx_word' id='word_1_163' title='bbox 1604 1229 1767 1266; x_wconf 85' lang='lat' dir='ltr'>futurum</span> <span class='ocrx_word' id='word_1_164' title='bbox 1797 1234 1837 1265; x_wconf 89' lang='lat' dir='ltr'>ut</span> <span class='ocrx_word' id='word_1_165' title='bbox 1862 1234 1936 1265; x_wconf 90' lang='lat' dir='ltr'>tur-</span> 
     </span>
     <span class='ocr_line' id='line_1_18' title="bbox 346 1284 1937 1336; baseline -0.001 -11"><span class='ocrx_word' id='word_1_166' title='bbox 346 1296 499 1336; x_wconf 84' lang='lat' dir='ltr'>gerent,</span> <span class='ocrx_word' id='word_1_167' title='bbox 532 1285 557 1322; x_wconf 87' lang='lat' dir='ltr'><strong>fi</strong></span> <span class='ocrx_word' id='word_1_168' title='bbox 580 1285 721 1334; x_wconf 82' lang='lat' dir='ltr'>sanguis</span> <span class='ocrx_word' id='word_1_169' title='bbox 744 1298 808 1335; x_wconf 88' lang='lat' dir='ltr'>per</span> <span class='ocrx_word' id='word_1_170' title='bbox 831 1297 886 1321; x_wconf 84' lang='lat' dir='ltr'>eas</span> <span class='ocrx_word' id='word_1_171' title='bbox 913 1297 931 1322; x_wconf 80' lang='lat' dir='ltr'>a</span> <span class='ocrx_word' id='word_1_172' title='bbox 961 1284 1072 1323; x_wconf 88' lang='lat' dir='ltr'>corde</span> <span class='ocrx_word' id='word_1_173' title='bbox 1096 1285 1307 1323; x_wconf 84' lang='lat' dir='ltr'>adveniret:</span> <span class='ocrx_word' id='word_1_174' title='bbox 1354 1299 1439 1323; x_wconf 83' lang='lat' dir='ltr'>eum</span> <span class='ocrx_word' id='word_1_175' title='bbox 1467 1289 1563 1323; x_wconf 88' lang='lat' dir='ltr'>enim</span> <span class='ocrx_word' id='word_1_176' title='bbox 1593 1287 1805 1335; x_wconf 81' lang='lat' dir='ltr'>sanguinem</span> <span class='ocrx_word' id='word_1_177' title='bbox 1830 1287 1868 1323; x_wconf 89' lang='lat' dir='ltr'>in</span> <span class='ocrx_word' id='word_1_178' title='bbox 1897 1298 1937 1324; x_wconf 86' lang='lat' dir='ltr'>ea</span> 
     </span>
     <span class='ocr_line' id='line_1_19' title="bbox 350 1344 1933 1395; baseline 0.001 -13"><span class='ocrx_word' id='word_1_179' title='bbox 350 1344 542 1395; x_wconf 78' lang='lat' dir='ltr'>hypothesi</span> <span class='ocrx_word' id='word_1_180' title='bbox 568 1345 756 1383; x_wconf 85' lang='lat' dir='ltr'>vinculum</span> <span class='ocrx_word' id='word_1_181' title='bbox 773 1347 957 1382; x_wconf 83' lang='lat' dir='ltr'>omninoa</span> <span class='ocrx_word' id='word_1_182' title='bbox 972 1357 1080 1381; x_wconf 88' lang='lat' dir='ltr'>manu</span> <span class='ocrx_word' id='word_1_183' title='bbox 1096 1344 1253 1382; x_wconf 80' lang='lat' dir='ltr'>avertisse</span> <span class='ocrx_word' id='word_1_184' title='bbox 1277 1345 1411 1382; x_wconf 82' lang='lat' dir='ltr'>debuit.</span> <span class='ocrx_word' id='word_1_185' title='bbox 1457 1344 1603 1384; x_wconf 79' lang='lat' dir='ltr'>Fecerat</span> <span class='ocrx_word' id='word_1_186' title='bbox 1632 1348 1933 1395; x_wconf 84' lang='lat' dir='ltr'>experimentum,</span> 
     </span>
     <span class='ocr_line' id='line_1_20' title="bbox 350 1395 1932 1454; baseline -0.001 -12"><span class='ocrx_word' id='word_1_187' title='bbox 350 1405 489 1442; x_wconf 67' lang='lat' dir='ltr'>*viderat</span> <span class='ocrx_word' id='word_1_188' title='bbox 519 1406 556 1442; x_wconf 95' lang='lat' dir='ltr'>in</span> <span class='ocrx_word' id='word_1_189' title='bbox 590 1405 663 1441; x_wconf 90' lang='lat' dir='ltr'>vivi</span> <span class='ocrx_word' id='word_1_190' title='bbox 692 1404 852 1442; x_wconf 87' lang='lat' dir='ltr'>hominis</span> <span class='ocrx_word' id='word_1_191' title='bbox 883 1403 1031 1441; x_wconf 85' lang='lat' dir='ltr'>brachio</span> <span class='ocrx_word' id='word_1_192' title='bbox 1052 1403 1265 1451; x_wconf 83' lang='lat' dir='ltr'>sanguinem</span> <span class='ocrx_word' id='word_1_193' title='bbox 1299 1404 1418 1442; x_wconf 82' lang='lat' dir='ltr'>versus</span> <span class='ocrx_word' id='word_1_194' title='bbox 1448 1395 1515 1442; x_wconf 79' lang='lat' dir='ltr'>cor¹</span> <span class='ocrx_word' id='word_1_195' title='bbox 1538 1405 1754 1454; x_wconf 87' lang='lat' dir='ltr'>conpulsum</span> <span class='ocrx_word' id='word_1_196' title='bbox 1793 1405 1932 1447; x_wconf 88' lang='lat' dir='ltr'>cedere,</span> 
     </span>
     <span class='ocr_line' id='line_1_21' title="bbox 350 1463 1937 1514; baseline 0 -13"><span class='ocrx_word' id='word_1_197' title='bbox 350 1471 479 1502; x_wconf 78' lang='lat' dir='ltr'>contra</span> <span class='ocrx_word' id='word_1_198' title='bbox 504 1463 529 1500; x_wconf 85' lang='lat' dir='ltr'><strong>fi</strong></span> <span class='ocrx_word' id='word_1_199' title='bbox 556 1464 727 1501; x_wconf 88' lang='lat' dir='ltr'>eumdem</span> <span class='ocrx_word' id='word_1_200' title='bbox 756 1471 882 1501; x_wconf 86' lang='lat' dir='ltr'>contra</span> <span class='ocrx_word' id='word_1_201' title='bbox 915 1475 1065 1501; x_wconf 78' lang='lat' dir='ltr'>manum</span> <span class='ocrx_word' id='word_1_202' title='bbox 1094 1463 1246 1506; x_wconf 65' lang='lat' dir='ltr'>urseris5</span> <span class='ocrx_word' id='word_1_203' title='bbox 1278 1463 1435 1501; x_wconf 73' lang='lat' dir='ltr'>resistere</span> <span class='ocrx_word' id='word_1_204' title='bbox 1464 1467 1588 1514; x_wconf 86' lang='lat' dir='ltr'>utique</span> <span class='ocrx_word' id='word_1_205' title='bbox 1613 1464 1767 1502; x_wconf 82' lang='lat' dir='ltr'>valvulas</span> <span class='ocrx_word' id='word_1_206' title='bbox 1788 1493 1799 1507; x_wconf 87' lang='lat'>‚</span> <span class='ocrx_word' id='word_1_207' title='bbox 1836 1465 1872 1501; x_wconf 85' lang='lat'>&amp;</span> <span class='ocrx_word' id='word_1_208' title='bbox 1898 1465 1937 1501; x_wconf 85' lang='lat' dir='ltr'>in</span> 
     </span>
     <span class='ocr_line' id='line_1_22' title="bbox 349 1522 1937 1572; baseline -0.001 -11"><span class='ocrx_word' id='word_1_209' title='bbox 349 1522 511 1561; x_wconf 78' lang='lat' dir='ltr'>nodulos</span> <span class='ocrx_word' id='word_1_210' title='bbox 545 1523 801 1561; x_wconf 84' lang='lat' dir='ltr'>intumescere:</span> <span class='ocrx_word' id='word_1_211' title='bbox 843 1524 880 1560; x_wconf 62' lang='grc' dir='ltr'>ὃς</span> <span class='ocrx_word' id='word_1_212' title='bbox 906 1535 950 1560; x_wconf 90' lang='lat' dir='ltr'>eo</span> <span class='ocrx_word' id='word_1_213' title='bbox 978 1522 1053 1571; x_wconf 87' lang='lat' dir='ltr'>ipso</span> <span class='ocrx_word' id='word_1_214' title='bbox 1083 1524 1334 1571; x_wconf 84' lang='lat' dir='ltr'>experimento</span> <span class='ocrx_word' id='word_1_215' title='bbox 1354 1523 1398 1561; x_wconf 86' lang='lat' dir='ltr'>ad</span> <span class='ocrx_word' id='word_1_216' title='bbox 1425 1524 1646 1562; x_wconf 73' lang='lat' dir='ltr'>v‘alvularum</span> <span class='ocrx_word' id='word_1_217' title='bbox 1680 1525 1937 1572; x_wconf 87' lang='lat' dir='ltr'>cognitionem</span> 
     </span>
     <span class='ocr_line' id='line_1_23' title="bbox 347 1581 1936 1632; baseline 0 -12"><span class='ocrx_word' id='word_1_218' title='bbox 347 1582 385 1620; x_wconf 66' lang='lat' dir='ltr'>&lt;se</span> <span class='ocrx_word' id='word_1_219' title='bbox 408 1581 503 1632; x_wconf 81' lang='lat' dir='ltr'>quasi</span> <span class='ocrx_word' id='word_1_220' title='bbox 523 1595 633 1620; x_wconf 84' lang='lat' dir='ltr'>manu</span> <span class='ocrx_word' id='word_1_221' title='bbox 659 1581 758 1619; x_wconf 81' lang='lat' dir='ltr'>fuisse</span> <span class='ocrx_word' id='word_1_222' title='bbox 788 1582 937 1620; x_wconf 69' lang='lat' dir='ltr'>du&amp;um</span> <span class='ocrx_word' id='word_1_223' title='bbox 959 1583 1038 1629; x_wconf 78' lang='lat' dir='ltr'>(k)</span> <span class='ocrx_word' id='word_1_224' title='bbox 1061 1581 1134 1630; x_wconf 90' lang='lat' dir='ltr'>ipse</span> <span class='ocrx_word' id='word_1_225' title='bbox 1151 1582 1273 1619; x_wconf 67' lang='lat' dir='ltr'>aueor</span> <span class='ocrx_word' id='word_1_226' title='bbox 1293 1583 1350 1620; x_wconf 85' lang='lat' dir='ltr'>est.</span> <span class='ocrx_word' id='word_1_227' title='bbox 1416 1582 1520 1620; x_wconf 81' lang='lat' dir='ltr'>Nihil</span> <span class='ocrx_word' id='word_1_228' title='bbox 1537 1591 1660 1621; x_wconf 81' lang='lat' dir='ltr'>autem</span> <span class='ocrx_word' id='word_1_229' title='bbox 1683 1585 1721 1620; x_wconf 93' lang='lat' dir='ltr'>in</span> <span class='ocrx_word' id='word_1_230' title='bbox 1747 1595 1786 1620; x_wconf 80' lang='lat' dir='ltr'>ea</span> <span class='ocrx_word' id='word_1_231' title='bbox 1806 1583 1936 1620; x_wconf 77' lang='lat' dir='ltr'>fabrica</span> 
     </span>
     <span class='ocr_line' id='line_1_24' title="bbox 351 1641 1938 1690; baseline -0.001 -11"><span class='ocrx_word' id='word_1_232' title='bbox 351 1641 464 1684; x_wconf 76' lang='lat' dir='ltr'>vidit,</span> <span class='ocrx_word' id='word_1_233' title='bbox 498 1641 562 1678; x_wconf 74' lang='lat' dir='ltr'>nisi</span> <span class='ocrx_word' id='word_1_234' title='bbox 592 1641 728 1680; x_wconf 84' lang='lat' dir='ltr'>causam</span> <span class='ocrx_word' id='word_1_235' title='bbox 749 1653 861 1679; x_wconf 82' lang='lat' dir='ltr'>morae</span> <span class='ocrx_word' id='word_1_236' title='bbox 891 1643 928 1678; x_wconf 89' lang='lat' dir='ltr'>in</span> <span class='ocrx_word' id='word_1_237' title='bbox 952 1641 1132 1690; x_wconf 83' lang='lat' dir='ltr'>sanguinis</span> <span class='ocrx_word' id='word_1_238' title='bbox 1152 1648 1270 1684; x_wconf 89' lang='lat' dir='ltr'>motu,</span> <span class='ocrx_word' id='word_1_239' title='bbox 1302 1643 1484 1680; x_wconf 77' lang='lat' dir='ltr'>&amp;naturae</span> <span class='ocrx_word' id='word_1_240' title='bbox 1503 1642 1697 1685; x_wconf 79' lang='lat' dir='ltr'>cautelam,</span> <span class='ocrx_word' id='word_1_241' title='bbox 1733 1655 1779 1680; x_wconf 86' lang='lat' dir='ltr'>ne</span> <span class='ocrx_word' id='word_1_242' title='bbox 1802 1644 1840 1679; x_wconf 87' lang='lat' dir='ltr'>in</span> <span class='ocrx_word' id='word_1_243' title='bbox 1858 1654 1938 1678; x_wconf 84' lang='lat' dir='ltr'>mu-</span> 
     </span>
     <span class='ocr_line' id='line_1_25' title="bbox 347 1700 1931 1750; baseline 0.001 -14"><span class='ocrx_word' id='word_1_244' title='bbox 347 1700 533 1738; x_wconf 79' lang='lat' dir='ltr'>sculorum</span> <span class='ocrx_word' id='word_1_245' title='bbox 558 1701 696 1738; x_wconf 56' lang='lat' dir='ltr'>actione</span> <span class='ocrx_word' id='word_1_246' title='bbox 719 1700 861 1749; x_wconf 82' lang='lat' dir='ltr'>sanguis</span> <span class='ocrx_word' id='word_1_247' title='bbox 891 1712 937 1738; x_wconf 78' lang='lat' dir='ltr'>ex</span> <span class='ocrx_word' id='word_1_248' title='bbox 963 1712 1052 1738; x_wconf 81' lang='lat' dir='ltr'>vena</span> <span class='ocrx_word' id='word_1_249' title='bbox 1087 1712 1172 1738; x_wconf 83' lang='lat' dir='ltr'>cava</span> <span class='ocrx_word' id='word_1_250' title='bbox 1191 1702 1298 1738; x_wconf 84' lang='lat' dir='ltr'>nimis</span> <span class='ocrx_word' id='word_1_251' title='bbox 1329 1701 1450 1750; x_wconf 82' lang='lat' dir='ltr'>rapide</span> <span class='ocrx_word' id='word_1_252' title='bbox 1481 1702 1524 1738; x_wconf 80' lang='lat' dir='ltr'>ad</span> <span class='ocrx_word' id='word_1_253' title='bbox 1551 1711 1646 1739; x_wconf 85' lang='lat' dir='ltr'>artus</span> <span class='ocrx_word' id='word_1_254' title='bbox 1667 1709 1856 1750; x_wconf 72' lang='lat' dir='ltr'>‘raperetur</span> <span class='ocrx_word' id='word_1_255' title='bbox 1875 1700 1931 1748; x_wconf 84' lang='lat' dir='ltr'>(l).</span> 
     </span>
     <span class='ocr_line' id='line_1_26' title="bbox 351 1758 1932 1810; baseline 0 -14"><span class='ocrx_word' id='word_1_256' title='bbox 351 1758 425 1796; x_wconf 88' lang='lat' dir='ltr'>Sed</span> <span class='ocrx_word' id='word_1_257' title='bbox 447 1771 566 1808; x_wconf 90' lang='lat' dir='ltr'>neque</span> <span class='ocrx_word' id='word_1_258' title='bbox 595 1759 755 1797; x_wconf 71' lang='lat' dir='ltr'>Salomon</span> <span class='ocrx_word' id='word_1_259' title='bbox 783 1760 1016 1797; x_wconf 79' lang='lat' dir='ltr'>ALBERTl</span> <span class='ocrx_word' id='word_1_260' title='bbox 1043 1758 1181 1797; x_wconf 70' lang='lat' dir='ltr'>felicius</span> <span class='ocrx_word' id='word_1_261' title='bbox 1206 1759 1344 1798; x_wconf 86' lang='lat' dir='ltr'>summa</span> <span class='ocrx_word' id='word_1_262' title='bbox 1369 1762 1647 1810; x_wconf 67' lang='lat' dir='ltr'>opportunitate</span> <span class='ocrx_word' id='word_1_263' title='bbox 1668 1759 1932 1802; x_wconf 77' lang='lat' dir='ltr'>inclarescendi,</span> 
     </span>
     <span class='ocr_line' id='line_1_27' title="bbox 351 1818 1938 1870; baseline 0.001 -16"><span class='ocrx_word' id='word_1_264' title='bbox 351 1818 390 1855; x_wconf 72' lang='grc' dir='ltr'>δι</span> <span class='ocrx_word' id='word_1_265' title='bbox 416 1819 623 1855; x_wconf 86' lang='lat' dir='ltr'>inveniendi</span> <span class='ocrx_word' id='word_1_266' title='bbox 648 1820 722 1855; x_wconf 88' lang='lat' dir='ltr'>veri</span> <span class='ocrx_word' id='word_1_267' title='bbox 748 1818 828 1856; x_wconf 90' lang='lat' dir='ltr'>usus</span> <span class='ocrx_word' id='word_1_268' title='bbox 849 1819 898 1856; x_wconf 88' lang='lat' dir='ltr'>est</span> <span class='ocrx_word' id='word_1_269' title='bbox 922 1819 1028 1865; x_wconf 85' lang='lat' dir='ltr'>(m),</span> <span class='ocrx_word' id='word_1_270' title='bbox 1061 1831 1181 1868; x_wconf 86' lang='lat' dir='ltr'>neque</span> <span class='ocrx_word' id='word_1_271' title='bbox 1204 1818 1319 1869; x_wconf 85' lang='lat' dir='ltr'>passus</span> <span class='ocrx_word' id='word_1_272' title='bbox 1339 1820 1389 1858; x_wconf 80' lang='lat' dir='ltr'>est</span> <span class='ocrx_word' id='word_1_273' title='bbox 1408 1819 1442 1857; x_wconf 88' lang='lat' dir='ltr'>se</span> <span class='ocrx_word' id='word_1_274' title='bbox 1470 1832 1489 1858; x_wconf 88' lang='lat' dir='ltr'>a</span> <span class='ocrx_word' id='word_1_275' title='bbox 1511 1820 1685 1870; x_wconf 87' lang='lat' dir='ltr'>loquente</span> <span class='ocrx_word' id='word_1_276' title='bbox 1704 1820 1840 1858; x_wconf 80' lang='lat' dir='ltr'>Natura</span> <span class='ocrx_word' id='word_1_277' title='bbox 1856 1831 1938 1869; x_wconf 87' lang='lat' dir='ltr'>per-</span> 
     </span>
     <span class='ocr_line' id='line_1_28' title="bbox 346 1873 1079 1925; baseline -0.003 -10"><span class='ocrx_word' id='word_1_278' title='bbox 346 1876 489 1915; x_wconf 61' lang='lat' dir='ltr'>⁴suaderi</span> <span class='ocrx_word' id='word_1_279' title='bbox 518 1876 743 1914; x_wconf 73' lang='lat' dir='ltr'>Homohonus</span> <span class='ocrx_word' id='word_1_280' title='bbox 774 1876 802 1914; x_wconf 94' lang='lat' dir='ltr'>P</span> <span class='ocrx_word' id='word_1_281' title='bbox 817 1890 829 1914; x_wconf 93' lang='lat'>1</span> <span class='ocrx_word' id='word_1_282' title='bbox 844 1891 859 1915; x_wconf 91' lang='lat' dir='ltr'>s</span> <span class='ocrx_word' id='word_1_283' title='bbox 873 1889 896 1914; x_wconf 94' lang='lat' dir='ltr'>o</span> <span class='ocrx_word' id='word_1_284' title='bbox 912 1888 935 1913; x_wconf 74' lang='lat' dir='ltr'>N</span> <span class='ocrx_word' id='word_1_285' title='bbox 951 1889 964 1913; x_wconf 95' lang='lat'>1</span> <span class='ocrx_word' id='word_1_286' title='bbox 989 1878 1042 1925; x_wconf 83' lang='lat'>(71</span> <span class='ocrx_word' id='word_1_287' title='bbox 1053 1873 1079 1925; x_wconf 87' lang='lat'>).</span> 
     </span>
    </p>

    <p class='ocr_par' dir='ltr' id='par_1_5' title="bbox 344 1935 1940 2165">
     <span class='ocr_line' id='line_1_29' title="bbox 410 1935 1939 1989; baseline 0.001 -15"><span class='ocrx_word' id='word_1_288' title='bbox 410 1935 623 1985; x_wconf 78' lang='lat' dir='ltr'>Sapientius,</span> <span class='ocrx_word' id='word_1_289' title='bbox 649 1937 685 1974; x_wconf 88' lang='lat'>&amp;</span> <span class='ocrx_word' id='word_1_290' title='bbox 711 1948 797 1974; x_wconf 89' lang='lat' dir='ltr'>cum</span> <span class='ocrx_word' id='word_1_291' title='bbox 826 1937 987 1974; x_wconf 77' lang='lat' dir='ltr'>maximo</span> <span class='ocrx_word' id='word_1_292' title='bbox 1014 1937 1157 1985; x_wconf 83' lang='lat' dir='ltr'>generis</span> <span class='ocrx_word' id='word_1_293' title='bbox 1188 1936 1340 1976; x_wconf 71' lang='lat' dir='ltr'>&#39;humani</span> <span class='ocrx_word' id='word_1_294' title='bbox 1367 1937 1631 1982; x_wconf 80' lang='lat' dir='ltr'>emolumento,</span> <span class='ocrx_word' id='word_1_295' title='bbox 1666 1938 1806 1977; x_wconf 81' lang='lat' dir='ltr'>easdem</span> <span class='ocrx_word' id='word_1_296' title='bbox 1836 1937 1939 1989; x_wconf 88' lang='lat' dir='ltr'>pelli-</span> 
     </span>
     <span class='ocr_line' id='line_1_30' title="bbox 344 1995 1939 2046; baseline 0.001 -13"><span class='ocrx_word' id='word_1_297' title='bbox 344 1995 444 2033; x_wconf 69' lang='lat' dir='ltr'>,enias</span> <span class='ocrx_word' id='word_1_298' title='bbox 473 1995 616 2033; x_wconf 65' lang='lat' dir='ltr'>HARv</span> <span class='ocrx_word' id='word_1_299' title='bbox 634 2008 745 2033; x_wconf 67' lang='lat' dir='ltr'>exus</span> <span class='ocrx_word' id='word_1_300' title='bbox 782 1996 865 2044; x_wconf 83' lang='lat' dir='ltr'>(o)</span> <span class='ocrx_word' id='word_1_301' title='bbox 895 1995 1160 2044; x_wconf 81' lang='lat' dir='ltr'>contemplatus</span> <span class='ocrx_word' id='word_1_302' title='bbox 1189 1997 1247 2034; x_wconf 86' lang='lat' dir='ltr'>est.</span> <span class='ocrx_word' id='word_1_303' title='bbox 1310 1998 1452 2046; x_wconf 87' lang='lat' dir='ltr'>Nempe</span> <span class='ocrx_word' id='word_1_304' title='bbox 1492 1999 1711 2037; x_wconf 79' lang='lat' dir='ltr'>valvularum</span> <span class='ocrx_word' id='word_1_305' title='bbox 1740 1998 1835 2036; x_wconf 85' lang='lat' dir='ltr'>finus</span> <span class='ocrx_word' id='word_1_306' title='bbox 1861 2010 1939 2035; x_wconf 85' lang='lat' dir='ltr'>ver-</span> 
     </span>
     <span class='ocr_line' id='line_1_31' title="bbox 346 2054 1940 2104; baseline 0.001 -13"><span class='ocrx_word' id='word_1_307' title='bbox 346 2054 403 2092; x_wconf 80' lang='lat' dir='ltr'>sus</span> <span class='ocrx_word' id='word_1_308' title='bbox 430 2066 493 2092; x_wconf 91' lang='lat' dir='ltr'>cor</span> <span class='ocrx_word' id='word_1_309' title='bbox 524 2057 636 2104; x_wconf 81' lang='lat' dir='ltr'>aperti</span> <span class='ocrx_word' id='word_1_310' title='bbox 662 2062 785 2104; x_wconf 66' lang='lat' dir='ltr'>patent</span> <span class='ocrx_word' id='word_1_311' title='bbox 802 2085 811 2099; x_wconf 97' lang='lat'>‚</span> <span class='ocrx_word' id='word_1_312' title='bbox 850 2054 968 2093; x_wconf 85' lang='lat' dir='ltr'>versus</span> <span class='ocrx_word' id='word_1_313' title='bbox 999 2062 1183 2093; x_wconf 83' lang='lat' dir='ltr'>extremos</span> <span class='ocrx_word' id='word_1_314' title='bbox 1209 2068 1297 2094; x_wconf 88' lang='lat' dir='ltr'>vero</span> <span class='ocrx_word' id='word_1_315' title='bbox 1322 2063 1416 2094; x_wconf 88' lang='lat' dir='ltr'>artus</span> <span class='ocrx_word' id='word_1_316' title='bbox 1448 2069 1543 2096; x_wconf 79' lang='lat' dir='ltr'>caeco</span> <span class='ocrx_word' id='word_1_317' title='bbox 1585 2057 1656 2096; x_wconf 83' lang='lat' dir='ltr'>fine</span> <span class='ocrx_word' id='word_1_318' title='bbox 1683 2059 1791 2095; x_wconf 88' lang='lat' dir='ltr'>iidem</span> <span class='ocrx_word' id='word_1_319' title='bbox 1818 2060 1940 2095; x_wconf 83' lang='lat' dir='ltr'>termi-</span> 
     </span>
     <span class='ocr_line' id='line_1_32' title="bbox 351 2114 1940 2165; baseline 0.001 -13"><span class='ocrx_word' id='word_1_320' title='bbox 351 2121 482 2153; x_wconf 78' lang='lat' dir='ltr'>nantur</span> <span class='ocrx_word' id='word_1_321' title='bbox 508 2114 603 2164; x_wconf 89' lang='lat' dir='ltr'>(p).</span> <span class='ocrx_word' id='word_1_322' title='bbox 668 2114 784 2163; x_wconf 87' lang='lat' dir='ltr'>Igitur</span> <span class='ocrx_word' id='word_1_323' title='bbox 810 2114 971 2165; x_wconf 79' lang='lat' dir='ltr'>sanguis,</span> <span class='ocrx_word' id='word_1_324' title='bbox 1004 2116 1067 2164; x_wconf 86' lang='lat' dir='ltr'>qui</span> <span class='ocrx_word' id='word_1_325' title='bbox 1089 2115 1133 2153; x_wconf 87' lang='lat' dir='ltr'>ab</span> <span class='ocrx_word' id='word_1_326' title='bbox 1168 2116 1314 2154; x_wconf 84' lang='lat' dir='ltr'>artubus</span> <span class='ocrx_word' id='word_1_327' title='bbox 1343 2116 1515 2161; x_wconf 76' lang='lat' dir='ltr'>advenit,</span> <span class='ocrx_word' id='word_1_328' title='bbox 1548 2118 1641 2156; x_wconf 84' lang='lat' dir='ltr'>inter</span> <span class='ocrx_word' id='word_1_329' title='bbox 1669 2129 1832 2156; x_wconf 69' lang='lat' dir='ltr'>convexa</span> <span class='ocrx_word' id='word_1_330' title='bbox 1868 2117 1940 2154; x_wconf 79' lang='lat' dir='ltr'>val-</span> 
     </span>
    </p>
   </div>
   <div class='ocr_carea' id='block_1_5' title="bbox 361 2176 1938 2465">
    <p class='ocr_par' dir='ltr' id='par_1_6' title="bbox 361 2176 1938 2465">
     <span class='ocr_line' id='line_1_33' title="bbox 1773 2176 1938 2215; baseline -0.006 0"><span class='ocrx_word' id='word_1_331' title='bbox 1773 2176 1938 2215; x_wconf 76' lang='lat' dir='ltr'>vularum</span> 
     </span>
     <span class='ocr_line' id='line_1_34' title="bbox 392 2295 1852 2346; baseline 0.007 -21"><span class='ocrx_word' id='word_1_332' title='bbox 392 2295 450 2334; x_wconf 80' lang='lat' dir='ltr'>(i)</span> <span class='ocrx_word' id='word_1_333' title='bbox 472 2300 630 2344; x_wconf 37' lang='lat' dir='ltr'>De&#39;vemer.</span> <span class='ocrx_word' id='word_1_334' title='bbox 650 2297 748 2337; x_wconf 66' lang='lat' dir='ltr'>ostiolis</span> <span class='ocrx_word' id='word_1_335' title='bbox 767 2297 853 2331; x_wconf 88' lang='lat' dir='ltr'>Tom.</span> <span class='ocrx_word' id='word_1_336' title='bbox 867 2298 904 2330; x_wconf 84' lang='grc' dir='ltr'>Π.</span> <span class='ocrx_word' id='word_1_337' title='bbox 930 2299 950 2331; x_wconf 80' lang='lat' dir='ltr'>f.</span> <span class='ocrx_word' id='word_1_338' title='bbox 967 2308 992 2332; x_wconf 75' lang='grc' dir='ltr'>ι,</span> <span class='ocrx_word' id='word_1_339' title='bbox 1175 2299 1268 2341; x_wconf 61' lang='lat' dir='ltr'>lvfior.</span> <span class='ocrx_word' id='word_1_340' title='bbox 1286 2301 1487 2342; x_wconf 74' lang='lat' dir='ltr'>plerarumque</span> <span class='ocrx_word' id='word_1_341' title='bbox 1501 2305 1629 2342; x_wconf 75' lang='lat' dir='ltr'>partium</span> <span class='ocrx_word' id='word_1_342' title='bbox 1650 2314 1678 2343; x_wconf 81' lang='lat' dir='ltr'>p.</span> <span class='ocrx_word' id='word_1_343' title='bbox 1702 2308 1770 2339; x_wconf 78' lang='lat'>164·</span> <span class='ocrx_word' id='word_1_344' title='bbox 1789 2308 1852 2346; x_wconf 70' lang='lat'>¹69.</span> 
     </span>
     <span class='ocr_line' id='line_1_35' title="bbox 361 2336 1937 2421; baseline 0.006 -55"><span class='ocrx_word' id='word_1_345' title='bbox 361 2362 364 2366; x_wconf 87' lang='lat'><strong>.</strong></span> <span class='ocrx_word' id='word_1_346' title='bbox 393 2336 465 2416; x_wconf 55' lang='lat'>{53</span> <span class='ocrx_word' id='word_1_347' title='bbox 485 2338 1346 2421; x_wconf 54' lang='lat' dir='ltr'>lllgilg.g}.a(ng11n</span> <span class='ocrx_word' id='word_1_348' title='bbox 1371 2345 1506 2384; x_wconf 73' lang='lat' dir='ltr'>disquffit.</span> <span class='ocrx_word' id='word_1_349' title='bbox 1539 2356 1604 2375; x_wconf 84' lang='lat' dir='ltr'>nov.</span> <span class='ocrx_word' id='word_1_350' title='bbox 1634 2347 1666 2374; x_wconf 86' lang='lat' dir='ltr'>in</span> <span class='ocrx_word' id='word_1_351' title='bbox 1691 2348 1820 2378; x_wconf 61' lang='lat' dir='ltr'>circum.</span> <span class='ocrx_word' id='word_1_352' title='bbox 1853 2343 1937 2386; x_wconf 67' lang='lat' dir='ltr'>sang.</span> 
     </span>
     <span class='ocr_line' id='line_1_36' title="bbox 395 2393 1681 2465; baseline 0.005 -15"><span class='ocrx_word' id='word_1_353' title='bbox 395 2418 473 2455; x_wconf 81' lang='lat' dir='ltr'>(m)</span> <span class='ocrx_word' id='word_1_354' title='bbox 497 2420 669 2459; x_wconf 79' lang='lat' dir='ltr'>Sanguinem</span> <span class='ocrx_word' id='word_1_355' title='bbox 691 2421 720 2451; x_wconf 87' lang='lat' dir='ltr'>in</span> <span class='ocrx_word' id='word_1_356' title='bbox 741 2421 800 2452; x_wconf 70' lang='lat' dir='ltr'>sinu</span> <span class='ocrx_word' id='word_1_357' title='bbox 818 2421 1000 2455; x_wconf 80' lang='lat' dir='ltr'>valvularum</span> <span class='ocrx_word' id='word_1_358' title='bbox 1017 2423 1127 2463; x_wconf 83' lang='lat' dir='ltr'>colligi,</span> <span class='ocrx_word' id='word_1_359' title='bbox 1176 2393 1196 2422; x_wconf 68' lang='lat' dir='ltr'>p</span> <span class='ocrx_word' id='word_1_360' title='bbox 1215 2393 1284 2460; x_wconf 46' lang='lat' dir='ltr'>g(⁶0)</span> <span class='ocrx_word' id='word_1_361' title='bbox 1305 2393 1351 2455; x_wconf 51' lang='lat' dir='ltr'>{fle</span> <span class='ocrx_word' id='word_1_362' title='bbox 1375 2432 1456 2455; x_wconf 78' lang='lat' dir='ltr'>motu</span> <span class='ocrx_word' id='word_1_363' title='bbox 1479 2427 1571 2457; x_wconf 80' lang='lat' dir='ltr'>cordis</span> <span class='ocrx_word' id='word_1_364' title='bbox 1592 2437 1616 2458; x_wconf 84' lang='lat' dir='ltr'>c.</span> <span class='ocrx_word' id='word_1_365' title='bbox 1639 2436 1681 2465; x_wconf 81' lang='lat'>13.</span> 
     </span>
    </p>
   </div>
   <div class='ocr_carea' id='block_1_6' title="bbox 353 2460 1794 2507">
    <p class='ocr_par' dir='ltr' id='par_1_7' title="bbox 353 2460 1794 2507">
     <span class='ocr_line' id='line_1_37' title="bbox 353 2460 1794 2507; baseline 0.007 -18"><span class='ocrx_word' id='word_1_366' title='bbox 353 2467 390 2490; x_wconf 81' lang='lat' dir='ltr'>ne</span> <span class='ocrx_word' id='word_1_367' title='bbox 427 2460 511 2491; x_wconf 81' lang='lat' dir='ltr'>nimis</span> <span class='ocrx_word' id='word_1_368' title='bbox 571 2462 703 2493; x_wconf 79' lang='lat' dir='ltr'>celeriter</span> <span class='ocrx_word' id='word_1_369' title='bbox 731 2463 954 2502; x_wconf 58' lang='lat' dir='ltr'>piamen-ebatur</span> <span class='ocrx_word' id='word_1_370' title='bbox 973 2488 982 2503; x_wconf 83' lang='lat'>‚</span> <span class='ocrx_word' id='word_1_371' title='bbox 1021 2466 1132 2497; x_wconf 81' lang='lat' dir='ltr'>addidit</span> <span class='ocrx_word' id='word_1_372' title='bbox 1224 2465 1287 2504; x_wconf 76' lang='lat' dir='ltr'>(p)</span> <span class='ocrx_word' id='word_1_373' title='bbox 1309 2466 1342 2498; x_wconf 90' lang='lat' dir='ltr'>L.</span> <span class='ocrx_word' id='word_1_374' title='bbox 1360 2466 1395 2498; x_wconf 87' lang='lat'>11.</span> <span class='ocrx_word' id='word_1_375' title='bbox 1420 2469 1494 2499; x_wconf 66' lang='grc' dir='ltr'>δρᾶ.</span> <span class='ocrx_word' id='word_1_376' title='bbox 1515 2468 1550 2499; x_wconf 86' lang='lat'>11.</span> <span class='ocrx_word' id='word_1_377' title='bbox 1574 2477 1663 2506; x_wconf 82' lang='lat' dir='ltr'>n.15.</span> <span class='ocrx_word' id='word_1_378' title='bbox 1679 2478 1706 2507; x_wconf 91' lang='lat' dir='ltr'>p.</span> <span class='ocrx_word' id='word_1_379' title='bbox 1726 2469 1794 2505; x_wconf 81' lang='lat'>148.</span> 
     </span>
    </p>
   </div>
  </div>
 </body>
</html>
