2003 2748
378 127 1352 172 SECTIILCORDISFABRICA.
1557 143 1637 182 363

38 241 114 270 tam
141 228 352 278 tripartitam
373 234 512 264 aortam
523 226 799 265 adscendentem
819 255 827 270 ,
866 228 903 264 &
925 227 990 264 alia
1011 240 1028 264 a
1050 226 1218 266 consueta
1236 228 1387 266 humani
1409 230 1573 279 corporis
1592 229 1641 269 fa-

40 290 137 329 brica
157 289 278 326 aliena.
316 287 440 333 Quare
462 288 540 334 ejus
570 287 720 336 quidem
750 288 813 323 viri
832 286 1110 336 descriptionem
1136 289 1271 326 omitto
1299 297 1472 338 repetere.

111 349 214 387 Plura
255 347 377 385 similia
405 347 610 383 nostrorum
627 374 636 388 ,
672 358 778 395 quani
798 346 945 395 quidem
971 347 1100 395 reliqui
1121 346 1340 395 prosectores
1355 376 1364 390 ,
1404 348 1437 385 V
1452 360 1463 384 1
1481 359 1499 384 Ε
1515 359 1536 384 υ
1551 361 1592 386 ss
1605 361 1643 386 Ε.-

43 421 69 447 N
85 421 132 445 11)
150 422 164 445 s
186 408 317 448 habet,
356 406 437 442 solis
457 405 618 453 alioquin
647 405 842 442 hominum
872 406 1103 443 cadaveribus
1130 406 1172 442 ad
1193 406 1288 444 suam
1306 420 1502 445 nervorum
1533 407 1644 445 histo-

43 470 133 505 riam
161 467 250 505 usus.
287 466 383 513 Ergo
404 494 413 508 ,
450 467 487 501 in
510 464 692 513 splendida
709 464 903 513 systematis
922 465 941 512 (
960 465 1019 513 n)
1038 465 1179 502 nervosi
1209 466 1361 514 pecioris
1384 468 1417 503 δι
1434 467 1642 505 abdominis

44 527 162 564 tabula
180 555 189 569 ,
227 525 368 562 nullum
392 527 428 561 in
462 525 591 560 dextro
613 524 719 560 latere
746 536 764 560 a
784 524 934 572 ganglio
953 525 1118 561 cervicali
1139 524 1308 574 supremo
1336 538 1490 564 nervum
1510 526 1552 562 ad
1579 539 1644 565 cor

46 587 217 631 deducit3
240 585 274 620 ἃ
296 597 313 619 a
335 583 458 620 medio
477 583 626 631 ganglio
652 585 800 620 cervicis
816 612 825 625 ,
862 595 906 620 eo
932 585 969 620 in
990 584 1118 626 latere,
1143 586 1281 633 primos
1303 598 1435 622 nervos
1460 585 1644 624 cardiacos

46 646 206 686 derivat,
243 644 398 680 omnino
416 671 440 689 ,Ι
468 651 506 679 ut
533 655 603 691 ego
625 643 775 692 quidem
802 643 897 685 vidi,
944 644 979 679 &
1006 643 1178 693 descripsi.
1226 643 1318 682 Eum
1347 657 1499 682 nervum
1526 647 1570 684 ad
1592 659 1646 683 ar..

45 706 168 742 teriam
195 704 422 740 coronariain
444 702 629 745 dextram,
677 703 712 739 Sc
744 702 788 739 ad
821 714 885 739 cor
906 701 999 739 recie
1025 703 1149 746 ducit,
1188 715 1273 741 cuni
1302 716 1403 741 ramo
1426 708 1548 754 magni
1570 706 1646 756 ple-

44 776 112 801 xus
134 763 284 800 cardiaci
306 762 542 808 conjunclum
565 762 580 811 ς’
598 775 615 798 ο
634 762 663 810 ).
700 761 751 799 lta
777 774 890 811 porro
908 773 1048 800 ramum
1069 764 1086 809 (
1096 771 1123 810 p
1141 763 1156 808 >
1181 764 1224 800 ab
1250 763 1377 801 octavo
1397 776 1478 813 pare
1504 764 1566 803 sub
1591 778 1647 803 re«

46 824 222 861 currentis
244 823 385 870 origine
408 829 529 858 ortum
547 821 737 863 describit,
774 823 837 870 qui
863 822 898 858 &
918 833 1092 870 magnum
1116 822 1265 871 plexum
1286 824 1359 860 adit
1381 825 1432 873 (q
1449 824 1468 872 )
1485 852 1493 866 ‚
1534 825 1569 862 &
1587 838 1648 863 au-

46 895 124 920 rem
147 882 309 918 dextram
327 910 342 924 ,
368 892 476 929 quam
493 909 502 923 ,
536 881 628 918 circa
651 880 783 917 ostium
805 892 904 917 venae
926 892 1019 918 cavae
1042 880 1255 932 superioris,
1278 884 1445 920 circumit
1476 883 1568 930 (r).
1606 884 1648 921 In

45 940 184 979 finistro
208 941 313 978 etiam
341 941 447 977 latere
473 940 579 977 habet
606 952 759 977 nervum
786 939 991 977 cardiacum
1013 939 1221 989 supremum
1240 970 1248 984 ‚
1294 942 1483 979 nonnullis
1509 942 1648 981 fibrillis

47 1012 131 1040 cum
157 1001 284 1038 ottavo
315 1012 398 1049 pare
428 1000 573 1037 mistum
602 998 718 1046 (ς),
756 1000 792 1036 Sc
821 999 865 1036 ad
896 1011 960 1037 cor
996 1007 1219 1049 pergentem.
1256 999 1376 1039 Habet
1404 1003 1511 1039 etiam
1528 1002 1650 1042 surcu-

47 1060 103 1098 los
127 1061 170 1097 ab
202 1061 278 1096 imo
307 1059 471 1096 cervicali
497 1058 648 1107 ganglio
678 1065 806 1101 natos,
843 1058 1006 1096 medium
1026 1060 1123 1096 enirn
1143 1088 1151 1102 ‚
1192 1059 1262 1097 five
1286 1060 1542 1112 thyreoideum
1560 1074 1649 1112 gam²

47 1120 151 1169 glion
183 1120 338 1156 omittit:
374 1120 489 1156 imum
520 1130 607 1155 vero
633 1120 668 1155 in
688 1118 763 1155 duo
778 1118 922 1167 ganglia
944 1117 1073 1156 dividit
1098 1119 1186 1166 (t).
1224 1118 1443 1168 Hujusmodi
1469 1122 1561 1160 duos
1576 1122 1649 1160 sur..

48 1179 151 1216 culos
181 1185 394 1220 enumerat,
446 1179 508 1226 qui
534 1187 631 1215 retro
672 1186 811 1214 aortam
838 1177 1039 1221 incedunt,
1081 1178 1117 1214 Sc
1147 1179 1296 1227 plexum
1324 1180 1526 1218 cardiacum
1560 1194 1651 1220 con-

47 1239 199 1276 stituunt
220 1239 277 1284 (u
291 1239 308 1283 )
323 1265 331 1279 ,
366 1249 472 1286 aquo
493 1236 619 1286 aliquae
641 1235 777 1274 fibrillae
793 1237 836 1273 ad
864 1237 1028 1273 dextram
1046 1239 1272 1274 coronariam
1293 1242 1477 1284 arteriam,
1505 1242 1540 1279 ὃς
1562 1241 1650 1278 dex-

48 1304 146 1336 trum
175 1296 418 1335 ventriculum
444 1303 564 1339 eunt,
599 1296 673 1334 aliae
707 1308 794 1334 vero
827 1295 997 1333 sinistram
1027 1308 1151 1334 aurem
1184 1298 1359 1336 anibeunt
1401 1300 1494 1347 (x)
1519 1329 1528 1342 ,
1575 1300 1651 1339 aliae

50 1369 135 1395 cum
156 1358 280 1394 arteria
300 1357 488 1393 coronaria
502 1354 634 1392 finistra
656 1355 700 1393 ad
723 1368 788 1393 cor
805 1355 1028 1393 descendunt
1042 1358 1093 1402 (y
1109 1356 1128 1404 )
1144 1385 1154 1399 ,
1181 1357 1216 1394 ὃς
1229 1357 1338 1406 aliqui
1360 1358 1518 1408 denique
1530 1359 1651 1398 sutem

48 1416 73 1454 li
95 1416 211 1453 finum
244 1415 420 1453 finistrum
441 1443 450 1457 ,
493 1419 669 1464 quantum
697 1427 768 1464 ego
803 1415 953 1465 quidem
986 1415 1178 1463 intelligo,
1213 1416 1310 1455 adire
1341 1417 1511 1455 videntur
1544 1420 1645 1467 (z),

49 1475 222 1524 Denique
246 1488 264 1512 a
288 1482 493 1512 recurrente
513 1482 645 1512 trunco
665 1487 805 1512 ramum
829 1475 987 1516 derivat,
1030 1476 1092 1523 qui
1118 1476 1153 1512 Sc
1180 1488 1315 1523 niagno
1335 1477 1458 1525 plexui
1485 1478 1652 1516 cardiaco

51 1534 218 1572 miscetur
239 1563 248 1577 ,
289 1536 324 1571 δι
348 1535 417 1571 alio
440 1546 541 1571 ramo
560 1535 799 1572 ventriculum
819 1533 995 1571 sinistrum
1018 1534 1100 1570 adit.
1137 1534 1294 1583 Adparet
1318 1539 1435 1573 virum
1457 1537 1546 1574 Clas.
1576 1537 1653 1586 ple-=

50 1606 160 1640 taque
187 1593 395 1631 nostrorum
427 1593 550 1631 similia
574 1593 728 1637 habere,
753 1595 861 1631 nimis
883 1603 1003 1630 tamen
1037 1606 1172 1643 paucos
1201 1607 1352 1637 nervos,
1383 1597 1417 1632 ἃ
1439 1598 1545 1634 nimis
1571 1596 1654 1634 fini,

51 1655 161 1703 plnres
189 1653 392 1697 delineare,
429 1653 506 1691 solo
529 1653 693 1691 cardiaco
719 1654 829 1704 plexu
848 1661 1026 1702 excepto,
1066 1665 1174 1702 quem
1200 1656 1324 1705 utique
1345 1657 1546 1694 maximum
1573 1658 1653 1708 pin·=

51 1715 115 1762 git.
151 1713 193 1750 ln
212 1713 366 1761 gangliis
394 1715 460 1750 viri
490 1713 737 1762 diligentiam,
782 1724 841 1751 aut
864 1713 1048 1750 fortunam
1075 1712 1247 1752 derideto,

171 1825 203 1866 §-
247 1820 467 1861 XXVII.
532 1821 811 1865 LANclsll,
847 1820 1183 1866 ernstowi,
1218 1822 1538 1861 WALTHERI.

112 1929 141 1979 J.
174 1929 311 1967 llffuriae
335 1930 439 1969 [ΔΝ
456 1943 584 1968 (11511
616 1932 872 1980 descriptiones
898 1932 933 1967 &
954 1932 1077 1968 icones
1103 1933 1272 1968 onmium
1296 1934 1452 1969 maxime
1480 1933 1513 1968 ἃ
1536 1945 1554 1970 a
1587 1946 1655 1971 noa

55 1988 131 2025 stris
150 2016 158 2030 ,
195 1990 229 2026 ἃ
253 1991 294 2024 ab
313 1989 466 2025 aliorum
485 1992 773 2027 anatoniicorum
797 1990 1108 2027 observationibus
1126 1991 1305 2027 differunt.
1346 1991 1435 2028 Tres
1454 2003 1585 2030 nervos
1603 1996 1656 2032 vit·

55 2047 107 2086 Ill.
141 2048 226 2098 (a)
260 2049 303 2085 ab
328 2048 560 2086 intercostalis
592 2051 710 2086 trunci
736 2049 904 2098 supremo
939 2049 1090 2098 ganglio
1112 2077 1121 2093 ,
1158 2049 1260 2088 valde
1288 2050 1485 2099 conspicuo
1516 2052 1551 2088 ἃ
1582 2052 1658 2101 ple-

1528 2111 1655 2151 'xuoso

97 2221 177 2257 (n)
200 2220 270 2251 Tib.
292 2221 408 2254 XXlIl.
432 2224 655 2263 Neurographiae.
922 2223 965 2260 (t
987 2224 999 2256 l
1025 2222 1042 2253 l·
1071 2232 1096 2253 ⁰-
1128 2231 1174 2254 40·
1204 2233 1248 2261 39-

95 2262 144 2297 (o
166 2262 178 2296 )
202 2261 270 2293 lbid,
305 2268 349 2298 3⁶·
376 2267 421 2302 36.
923 2266 1002 2300 (u)
1026 2263 1045 2293 l.
1066 2274 1090 2293 e.
1118 2274 1165 2302 43.
1193 2276 1241 2301 44.
1269 2277 1315 2302 45.
1342 2274 1389 2304 47.
1412 2272 1459 2303 ›,8.
1489 2276 1536 2306 49,

100 2301 318 2339 (p)l.c.5.
923 2306 1250 2345 (x)¹.c-46.53.

98 2342 313 2380 (q)l.c6.
925 2346 1169 2383 (9¹)l-0-49-

94 2382 339 2420 (r)l.c.10.
369 2394 403 2416 12
923 2386 1042 2423 v(.·›,)l.
1068 2396 1089 2416 c.
1119 2393 1166 2422 48.

95 2423 114 2459 ζ
130 2422 174 2461 s)
193 2422 212 2457 l.
232 2433 248 2456 c
282 2433 328 2464 29.
355 2435 393 2465 29
926 2428 1000 2466 (a)
1021 2427 1155 2466 Inprimis
1175 2430 1235 2461 tab.
1260 2437 1286 2467 7,

1044 2496 1216 2537 Zzz
