2003 2748
357 124 542 166 SECT.
581 125 923 167 VCAUSSAE
956 116 1196 165 MO'T'US
1230 122 1499 164 CORDIS.
1648 138 1731 173 499

128 226 240 274 inque
271 235 403 260 nervos
430 223 615 273 spiritum,
651 223 698 259 ita
722 234 855 259 novam
880 221 1166 259 contradionem
1194 221 1296 259 nasci.
1331 220 1418 259 Haec
1445 221 1631 259 obscurius
1658 223 1733 261 dic-

128 292 163 321 ta
179 313 187 326 ,
230 285 276 320 ita
303 285 526 332 interpretari
548 292 698 321 conatus
719 282 805 319 sum.
842 281 995 331 Recepit
1016 289 1137 318 tamen
1163 281 1329 318 eamdem
1351 281 1424 318 fere
1448 281 1625 319 theoriam
1643 282 1731 329 joh.

128 342 342 381 FANTON
362 354 411 379 us
447 343 541 391 (y)
574 344 608 380 &
631 354 746 390 nuper
775 340 828 379 Cl.
862 340 923 378 Fa
942 352 1165 378 ACAsS1N
1186 352 1238 377 us
1272 343 1372 388 (z).

189 401 332 440 Horum
368 402 445 440 satis
473 400 596 440 similia
623 404 660 438 in
687 402 799 450 priori.
815 413 925 450 opere
952 401 1034 446 (a)
1061 399 1250 449 proposuit
1273 402 1327 436 vir
1344 399 1432 436 olim
1450 401 1545 438 acuti
1570 401 1730 449 Ingenii,

127 457 266 499 Daniel
291 461 358 498 TA
374 474 394 498 u
410 475 432 499 v
450 474 519 499 [ιγ.
556 462 586 499 Α
606 463 723 498 nervis
745 473 877 509 nempe
907 460 1119 508 sanguinem
1144 461 1182 496 in
1213 459 1310 496 fibris
1329 459 1448 497 cordi-s
1476 460 1651 503 detineri,
1685 462 1733 500 i'tae

127 521 282 570 systolen
302 521 417 558 facere
447 521 574 558 docuit
602 534 610 557 ε
662 520 771 569 paulo
797 520 882 569 post
913 519 1100 556 diastolem
1126 519 1250 568 sequi,
1296 520 1398 568 quod
1426 521 1463 556 in
1485 520 1734 558 contrastione

128 580 249 617 cordis
274 580 415 628 sanguis
436 579 532 617 fibris
552 580 658 627 hujus
679 580 808 627 organi
833 577 938 616 ceffet
964 578 1207 628 suppeditari,
1247 586 1354 629 atque
1385 580 1432 616 ita
1452 579 1584 617 sublata
1609 580 1729 623 causa,

127 641 180 677 vis
210 639 424 676 contradilis
451 639 606 680 tollatur.
643 638 693 676 lta
710 639 890 688 sequitur,
921 649 1039 678 utcor
1067 638 1256 676 relaxetur.

187 698 455 747 simpliciorem
477 697 694 749 hypothesin
719 699 849 736 eodem
871 706 1058 747 tempore,
1091 705 1151 736 aut
1175 698 1284 748 paulo
1303 701 1425 747 prior,
1461 700 1607 737 tradidit
1630 699 1735 737 Clau-

126 759 203 795 dius
232 757 507 796 PERRAULT
546 757 599 808 (h
617 760 643 804 ).
694 757 802 796 Duos
829 770 961 807 nempe
993 757 1163 796 fibrarum
1192 761 1230 795 in
1264 759 1374 796 corde
1411 759 1557 797 ordines
1584 760 1730 803 statuit,

126 819 181 855 uti
207 817 364 854 diximus
392 817 538 866 (ist),
571 817 678 855 restas
696 816 777 857 alias
796 846 806 860 ‚
843 830 922 867 quae
947 817 1220 867 longitudinem
1256 818 1362 865 hujus
1390 822 1518 867 organi
1543 819 1733 869 sequeren-

125 884 209 919 tur,
247 877 397 925 aliasque
427 876 642 915 transversas.
680 876 752 915 Illae
777 889 840 914 cor
862 877 1045 920 relaxant,
1079 877 1266 927 aditusque
1287 878 1440 915 venosos
1462 879 1650 928 sanguini,
1687 879 1732 915 ab

125 936 293 974 auriculis
316 937 518 974 adventum
535 966 544 980 ,
583 938 756 986 aperiunt.
794 936 860 974 Hae
884 936 1004 974 cordis
1024 937 1156 975 ardlant
1177 937 1399 975 ventriculos
1418 967 1427 980 ‚
1464 939 1501 975 ἃ
1519 938 1733 987 sanguinem

126 995 172 1032 de
199 997 313 1034 caveis
335 996 532 1045 expellunt.
569 996 740 1046 Oppofiti
765 996 910 1034 ordines
934 995 996 1034 fibi
1021 996 1210 1039 resistunt,
1251 997 1287 1034 &
1315 997 1440 1035 alterni
1469 997 1643 1047 superant.
1680 997 1733 1035 Ita

125 1054 257 1104 scripsit
275 1084 285 1098 ,
323 1068 367 1093 ex
400 1056 616 1106 hypothesi,
655 1065 695 1096 ut
720 1056 790 1105 ipse
816 1055 965 1105 quidem
989 1057 1127 1094 fatetur.
1164 1056 1311 1095 Clarum
1336 1058 1454 1094 virum
1483 1059 1653 1107 plurimi,
1695 1058 1750 1094 &'

125 1115 236 1164 aliqui
257 1115 427 1164 equidem
441 1118 537 1154 taciti
562 1116 672 1155 secuti
700 1116 781 1154 sunt
797 1144 806 1158 ,
843 1115 986 1152 Samuel
1003 1116 1025 1153 S
1039 1129 1058 1153 c
1072 1129 1095 1152 H
1110 1128 1129 1152 A
1144 1130 1166 1153 A
1178 1129 1202 1153 R
1214 1129 1228 1153 s
1241 1128 1261 1153 c
1275 1129 1299 1152 H
1313 1129 1341 1153 M
1357 1129 1368 1153 1
1384 1129 1407 1154 D
1421 1129 1446 1153 T
1477 1118 1586 1166 (c),
1617 1117 1734 1154 Ludo-

125 1175 224 1211 vicus
249 1174 294 1212 de
318 1174 382 1213 CL
396 1187 417 1211 Α
433 1188 455 1212 R
472 1188 489 1212 E
504 1189 524 1213 L
542 1188 562 1212 L
578 1189 588 1212 1
603 1190 617 1213 s
646 1176 729 1225 (si)
747 1204 756 1218 ,
793 1172 970 1222 Georgius
991 1175 1160 1213 Ehrlmrd
1180 1175 1250 1213 HA
1269 1188 1298 1212 Μ
1316 1188 1334 1212 Β
1350 1189 1368 1212 Ε
1389 1189 1449 1213 RG
1465 1189 1483 1213 E
1498 1190 1520 1214 R
1557 1177 1630 1224 (e)
1658 1176 1733 1214 alii-

125 1244 196 1282 que
215 1261 224 1275 ,
265 1235 300 1270 δε
326 1234 494 1272 Μαᾶεηυε
521 1237 628 1273 etiam
648 1237 699 1274 vir
718 1233 1018 1284 praestantiffimus
1047 1235 1197 1272 Bromie
1221 1234 1250 1273 L
1264 1247 1286 1271 A
1300 1248 1322 1272 N
1337 1247 1362 1272 G
1378 1249 1398 1272 R
1417 1248 1427 1272 1
1443 1249 1496 1273 sn
1532 1234 1614 1285 (f)
1632 1264 1641 1279 ,
1692 1242 1749 1273 ut·

125 1299 246 1329 tamen
272 1295 378 1331 unice
399 1294 504 1337 velit,
542 1296 579 1332 in
601 1297 704 1333 omni
723 1295 812 1332 statu
838 1294 958 1331 cordis
980 1294 1114 1344 aliquas
1143 1294 1246 1332 fibras
1270 1295 1481 1333 violentiam
1510 1297 1591 1345 pati.

182 1350 214 1400 J.
250 1352 406 1400 Baptista
436 1354 458 1391 S
472 1366 492 1391 c
506 1366 528 1390 A
542 1367 563 1391 R
578 1367 599 1391 A
613 1367 644 1392 Μ
658 1368 680 1393 u
695 1368 715 1393 c
728 1367 748 1391 c
767 1367 780 1391 1
814 1356 871 1401 (g
889 1354 905 1399 >
944 1356 1096 1403 proprio
1133 1354 1256 1392 libello
1287 1354 1498 1403 sanguinem
1513 1384 1523 1398 ,
1567 1355 1731 1395 diastoles

125 1412 275 1460 quidem
298 1421 466 1462 tempore
485 1415 521 1450 in
547 1416 688 1453 arterias
714 1413 921 1452 coronarias
941 1413 1102 1462 impelli,
1148 1415 1198 1451 ibi
1220 1426 1306 1452 vero
1339 1414 1607 1453 effervescendo
1622 1443 1631 1457 ,
1671 1423 1732 1453 aut

126 1483 341 1521 quacunque
373 1473 437 1510 alia
464 1475 624 1517 ratione,
661 1474 947 1513 conti-achonem
967 1475 1082 1511 ciere:
1117 1487 1136 1512 a
1155 1474 1339 1512 contracto
1357 1486 1445 1512 vero
1471 1474 1582 1512 corde
1614 1476 1734 1524 expri-

124 1531 198 1574 mi,
234 1543 279 1568 ex
299 1533 503 1580 conjedffira
527 1535 726 1584 proposuit.
1537 1563 1540 1566 -

184 1589 259 1628 Sub
280 1592 425 1629 initium
456 1596 545 1631 novi
572 1594 681 1632 seculi
710 1591 927 1642 Chrsslanus
950 1593 1008 1631 ST
1023 1606 1080 1631 Ro
1096 1605 1114 1631 ε
1130 1606 1159 1631 Μ
1185 1592 1200 1639 (
1218 1590 1272 1635 h)
1310 1606 1356 1631 ex
1386 1601 1553 1633 anatome
1579 1594 1733 1633 similem

124 1648 346 1701 aliquantum
380 1651 486 1700 hujus
517 1652 761 1703 phaenomeni‘
781 1653 1000 1691 solutionem
1035 1653 1156 1691 hausit.
1193 1648 1242 1691 lta
1273 1666 1405 1703 nempe
1439 1654 1595 1693 valvulas
1624 1661 1732 1692 aortae

126 1708 267 1757 disponi
300 1711 434 1753 credit,
469 1719 509 1749 ut
535 1726 552 1750 a
570 1713 742 1762 sanguine
763 1713 975 1750 claudantur
991 1741 1002 1758 ‚
1028 1725 1138 1762 quem
1153 1714 1376 1751 ventriculus
1398 1713 1533 1751 sinister
1557 1714 1728 1764 expellit,

124 1774 232 1817 atque
257 1772 398 1807 arterias
426 1776 631 1810 coronarias
661 1774 874 1822 sanguinem
901 1772 1029 1814 suum,
1064 1785 1140 1810 non
1171 1785 1190 1809 a
1225 1773 1345 1810 cordis
1375 1773 1548 1811 contra&
1576 1776 1638 1817 vi,
1673 1774 1733 1811 sed

124 1827 168 1863 ab
197 1836 295 1866 aorta
318 1829 519 1868 subsidente
534 1833 703 1881 accipere.
740 1831 1043 1879 Antagonismum
1060 1844 1173 1881 porro
1200 1833 1306 1881 ponit
1326 1832 1466 1881 spiritus
1486 1835 1579 1869 inter
1597 1834 1633 1870 ὃς
1657 1833 1733 1870 san-

125 1889 296 1933 guinem,
332 1897 372 1926 ut
399 1890 519 1927 cordis
545 1891 642 1929 fibrae
671 1905 689 1929 a
712 1891 884 1939 sanguine
915 1892 1057 1928 arterias
1086 1893 1292 1929 coronarias
1322 1891 1496 1930 subeunte
1532 1892 1731 1930 extendan-

1063 1949 1096 1987 R
1116 1961 1132 1986 r
1150 1962 1167 1987 r
1215 1960 1238 1988 2
1646 1960 1705 1990 tur
1719 1981 1729 1995 ‚

168 2002 399 2041 (931-12·
430 2013 496 2041 31³

166 2045 221 2080 (z
279 2047 323 2074 De
341 2043 413 2077 febre
440 2056 468 2082 p.
493 2055 539 2082 27.

147 2086 178 2122 ⁷(
197 2097 213 2115 a
235 2088 244 2120 )
272 2086 359 2115 sinit
385 2096 405 2113 ν
409 2084 506 2123 visomz
531 2087 558 2117 P.
584 2086 606 2118 1.
632 2098 655 2119 c.
678 2097 704 2125 4.
731 2087 769 2118 ed
792 2097 815 2118 1.
851 2098 917 2119 nam
944 2088 973 2119 in
995 2088 1077 2119 tertia
1095 2088 1222 2119 editione
1243 2087 1327 2120 aliam
1344 2090 1464 2121 omnino
1490 2092 1517 2122 δι
1538 2090 1731 2122 obscuriorem

123 2127 296 2166 hypothesin
327 2127 450 2157 tradidit.

167 2168 247 2205 (h)
275 2169 315 2198 A!
316 2178 477 2204 eea-mclze
468 2169 514 2197 ales
534 2170 674 2198 animaux
698 2168 772 2200 Part
801 2170 850 2201 111.
876 2182 903 2210 p.
929 2180 996 2210 230.
1022 2181 1089 2210 231.

169 2210 266 2245 (bn)
289 2209 363 2239 Se&
394 2207 449 2238 lV.
473 2219 502 2239 n.
534 2219 558 2238 2.
587 2220 615 2249 p.
644 2221 711 2248 394.
746 2221 811 2247 395.

166 2251 214 2285 (c
234 2251 246 2285 )
269 2250 302 2279 ln
330 2250 443 2288 propria
463 2251 578 2287 epistola
599 2252 634 2281 ad
661 2252 703 2281 111.
734 2251 816 2282 Eri.
832 2262 968 2291 snum,
1000 2253 1105 2284 deinde
1127 2253 1157 2282 in
1181 2251 1346 2292 physiologia
1374 2264 1402 2293 p.
1429 2263 1498 2294 425.

168 2290 250 2327 (d)
274 2292 369 2327 Spirit.
394 2292 510 2320 (³211qu
535 2294 648 2323 exturh.
675 2304 701 2331 p.
734 2303 782 2330 93.

167 2332 248 2408 ἓῗξ
266 2331 304 2400 lln
324 2331 382 2361 diss.
410 2332 495 2370 inaug
501 2343 538 2363 ur.
564 2332 611 2363 sua
633 2335 665 2363 de
682 2334 751 2374 di'n'l
743 2336 792 2364 iio'e
817 2335 931 2373 cordis,
962 2337 990 2367 δε
1012 2336 1041 2366 in
1055 2335 1222 2375 physiologia
1247 2346 1276 2366 n.
1306 2341 1373 2372 185.
1395 2337 1450 2367 διε.

309 2356 495 2410 e.n.14g⁰

169 2412 215 2449 (g
235 2412 284 2448 >1
287 2423 304 2441 n
328 2413 426 2442 libello
451 2414 620 2451 Senogalliae
638 2420 723 2455 1689.
745 2417 849 2447 excuso
869 2439 876 2452 ‚
909 2420 936 2450 ὃς
954 2418 986 2450 in
1009 2418 1102 2448 diario
1126 2417 1276 2457 Parmetfi
1296 2419 1358 2457 ejus
1387 2418 1463 2449 anni.

169 2451 184 2489 (
200 2453 248 2491 h)
274 2455 347 2485 Nov.
373 2454 460 2486 theor.
483 2456 605 2488 mmhin.
631 2459 720 2490 naim.
747 2457 830 2497 Prop.
859 2459 893 2490 V
