2003 2748
558 110 904 166 SEC.T·‚II-
970 110 1218 170 VENAE.
1611 122 1685 157 ψ

98 208 200 257 ribus
218 207 325 245 ramis
355 218 553 257 nunquam·
565 208 775 262 conjugatas
801 207 962 256 reperias.
1002 206 1161 252 Quoties
1192 205 1270 243 duae
1298 203 1403 247 sunt,
1443 200 1595 254 aequales
1621 206 1687 244 effe

99 266 235 308 solent,
267 266 395 315 seque,
424 267 571 316 quando
598 266 863 308 extenduntur,
892 274 976 303 totae
1002 267 1216 313 contingere
1234 293 1243 307 ‚
1268 270 1308 301 ut
1328 264 1478 313 spatium
1497 277 1595 301 venae
1614 265 1689 303 ina-

100 337 147 362 ne
183 325 345 374 undique
378 333 567 376 occupent.
603 325 636 363 Κ
650 337 669 361 E
683 338 704 362 R
717 336 743 361 K
756 337 778 362 R
793 337 807 360 1
821 336 844 360 N
858 336 882 361 G
896 337 908 360 1
924 337 945 360 υ
958 338 972 361 s
1010 324 1021 363 (
1042 326 1055 360 i
1072 324 1088 369 >
1124 323 1313 372 inaequales
1342 323 1452 366 vidit,
1495 330 1535 361 ut
1563 336 1687 362 earum

101 384 208 421 altera
233 384 320 421 duas
345 387 463 422 tertias
480 396 578 422 venae
596 390 789 432 occuparet
803 411 812 425 ‚
848 383 954 420 altera
974 385 1115 425 minor,
1147 383 1330 431 reliquum
1348 383 1515 419 trientem
1536 389 1683 421 teneret.

159 442 249 479 Tres
270 442 418 481 valvulae
442 445 554 481 rarius
575 442 665 479 mihi
693 450 951 484 occurrerunt,
990 435 1028 479 in
1052 442 1180 479 crurali
1203 448 1323 478 tamen
1348 454 1438 478 vena
1462 449 1613 479 ternatas
1635 444 1688 479 vi-

96 502 161 544 di,
196 502 231 538 &
258 503 294 537 in
315 503 469 549 jugulari
485 515 574 540 vena
592 501 643 539 Ill.
666 500 856 538 MoneA
874 513 1002 538 GNus
1031 502 1147 548 (lc),
1180 502 1352 549 priorque
1371 500 1685 538 Tnssonossus

98 559 380 598 KERKRING
414 560 510 610 (l).
547 561 720 598 Ternatas
738 561 845 597 etiam
870 559 1177 596 PERRALTus
1197 557 1311 607 (m)
1340 560 1482 607 pinxit,
1521 560 1557 596 &
1575 559 1686 597 ΒΗ)-

94 631 119 655 J.
132 630 155 657 o
170 629 190 654 υ
204 630 219 654 s
240 620 258 664 (
272 618 338 663 n).
374 618 490 657 Etiam
511 619 565 657 hae
586 631 729 657 caveam
745 631 843 656 venae
858 618 925 656 suae
947 617 1119 667 exquisite
1140 617 1320 655 claudunt.
1356 617 1682 666 Quadrige111i11a8‚

92 684 156 715 aut
183 677 343 726 quinatas
364 680 471 716 etiam
497 680 648 716 rariores
670 676 738 715 effe
767 677 984 715 crediderim
1001 706 1010 720 ,
1042 689 1162 726 neque
1193 688 1354 726 unquam
1384 676 1454 726 ipse
1480 677 1578 720 vidi,
1624 691 1687 716 ne-

96 748 167 785 que
193 735 307 773 credit
326 735 357 785 J.
383 737 450 774 An
464 750 487 775 ο
500 750 590 775 LPH
603 750 627 774 U
642 751 656 775 s
684 735 773 774 We
786 749 809 773 D
823 748 842 773 Ε
857 748 877 772 L
911 737 930 784 (
949 748 967 772 0
984 738 1000 782 )
1032 749 1161 774 venam
1186 736 1277 773 reste
1300 735 1464 773 claudere
1483 749 1490 773 :
1525 748 1592 785 pro
1620 736 1687 775 fin-

95 795 213 843 gulari
244 795 335 832 adeo
369 796 620 835 observatione
647 796 766 833 habeo
783 822 796 842 ,
841 808 927 845 quas
961 794 996 832 K
1008 808 1027 832 E
1043 809 1063 833 R
1076 808 1101 831 K
1114 808 1136 832 R
1149 807 1162 831 1
1175 807 1200 831 N
1216 806 1241 832 G
1254 807 1267 831 1
1284 806 1307 831 υ
1321 807 1335 832 s
1364 795 1419 843 (p
1435 796 1452 844 )
1487 796 1595 839 vidit,
1626 804 1687 835 aut-

94 855 214 903 pinxit
240 852 464 893 B1DLous
494 846 631 904 (p'f).

148 912 326 950 Solitariae
349 913 456 958 sunt,
490 917 533 952 ›in
557 915 761 953 minoribus
784 915 905 964 primo
933 914 1039 951 ramis
1058 941 1067 956 ,
1110 920 1151 951 ut
1174 915 1211 950 in
1238 925 1365 951 manus
1391 912 1563 964 pedisque
1584 918 1684 953 venis

95 970 112 1023 (
129 985 150 1019 q
168 972 206 1018 ),
242 971 450 1020 frequenter
471 981 587 1017 certe,
621 986 765 1023 unaque
788 968 975 1021 longiores
988 985 998 1018 ;
1027 974 1065 1009 in
1091 972 1299 1021 spermatica
1335 974 1442 1010 etiam
1459 985 1549 1011 vena
1570 974 1686 1012 solita-

93 1032 161 1068 rias
185 1029 284 1071 vidi,
325 1032 362 1068 &
391 1033 429 1069 in
446 1045 535 1070 vena
564 1032 636 1069 fine
665 1033 764 1082 pari,
800 1031 861 1069 sed
888 1034 995 1069 etiam
1017 1033 1054 1068 in
1087 1031 1242 1080 jugulari
1266 1031 1456 1069 solitariam
1485 1033 1576 1070 dixit
1607 1033 1687 1071 FA-

94 1102 114 1126 B
127 1103 150 1127 R
164 1102 176 1125 1
191 1101 211 1125 c
227 1101 238 1124 1
257 1100 280 1125 u
296 1101 310 1126 s
344 1090 430 1140 (r)
446 1120 455 1134 ‚
495 1093 531 1129 ἀ
556 1091 708 1128 solitaria
733 1091 782 1129 est
800 1119 810 1134 ,
855 1102 933 1139 quae
955 1089 998 1127 ad
1025 1090 1157 1127 ostium
1179 1103 1279 1128 venae
1294 1092 1492 1128 coronariae
1511 1094 1682 1140 ponitur,

93 1149 130 1185 &
159 1147 319 1195 denique
340 1152 508 1188 omnium
534 1152 693 1188 maxima
707 1178 716 1192 ‚
751 1162 832 1198 quae
852 1150 895 1186 ab
921 1148 984 1187 Eu
997 1162 1011 1185 s
1025 1160 1049 1185 T
1062 1161 1085 1185 A
1098 1161 1156 1186 cn
1169 1161 1181 1184 1
1196 1161 1219 1186 o
1247 1161 1386 1186 nomen
1412 1149 1529 1187 habet.
1565 1150 1609 1188 Et
1630 1152 1685 1201 ip-

90 1206 228 1245 saenon
244 1217 344 1249 raro,
381 1210 417 1244 in
439 1210 585 1247 artubus
609 1210 809 1258 imprimis,
838 1214 956 1245 >totam
982 1219 1080 1244 venae
1098 1220 1242 1245 caveam
1263 1215 1396 1245 tenent.

149 1264 341 1303 Alternum
365 1267 521 1317 aliquem
545 1267 714 1306 ordinem
740 1268 844 1315 (5),
876 1274 917 1304 ut
941 1266 1061 1303 sedem
1087 1265 1285 1304 deficientis
1302 1267 1450 1307 valvulae
1471 1267 1578 1306 altera
1597 1271 1685 1318 pross

90 1329 188 1365 xima
210 1325 390 1373 excipiat,
427 1339 504 1365 non
532 1328 670 1376 reperi:
707 1338 827 1375 neque
856 1325 878 1363 S
891 1337 910 1362 ε
923 1337 949 1362 N
965 1338 988 1361 A
1002 1337 1084 1362 cus
1106 1326 1122 1373 (
1140 1330 1156 1361 t
1173 1325 1215 1373 ),
1252 1337 1371 1375 neque
1388 1326 1499 1364 credo
1519 1339 1604 1366 cum
1621 1340 1683 1367 na-

93 1394 181 1425 turae
204 1382 260 1420 his
287 1385 326 1421 in
350 1386 459 1424 rebus
487 1386 649 1423 libertate
676 1385 770 1422 hanc
793 1384 1068 1422 adfectationem
1097 1383 1287 1422 consistere
1315 1384 1424 1434 poffe.

149 1443 356 1490 Aliquando
389 1446 537 1483 valvulae
557 1445 718 1495 solitariae
742 1443 873 1493 absque
905 1455 1006 1481 ramo
1025 1445 1063 1480 in
1085 1445 1185 1480 venis
1215 1446 1443 1493 reperiuntur
1472 1447 1490 1492 (
1507 1447 1587 1493 u):
1620 1447 1680 1485 alii

90 1507 181 1543 rami
200 1500 334 1554 absque
359 1504 545 1555 praeposita
567 1502 706 1541 valvula
723 1515 772 1540 ex
788 1510 924 1540 trunco
948 1502 1157 1550 prodeunt:
1196 1502 1277 1540 alias
1296 1515 1414 1541 ramus
1442 1516 1577 1542 exeuns
1603 1506 1676 1543 val-

89 1564 211 1604 vulam
230 1567 330 1606 suam
352 1564 463 1614 ipsam
488 1569 637 1612 generat
653 1590 662 1605 ,
695 1573 784 1599 cum
807 1563 883 1609 ejus
904 1562 1114 1598 membrana
1139 1563 1265 1599 intima
1281 1590 1291 1605 ‚
1329 1563 1367 1598 in
1393 1564 1511 1600 trunci
1531 1576 1675 1602 caveam

87 1625 283 1675 produsta,
315 1623 386 1673 ipsa
410 1635 478 1672 pro
504 1621 642 1659 valvula
663 1619 705 1657 fit
726 1621 788 1668 (x
801 1621 818 1666 )
831 1648 841 1663 .
874 1621 976 1667 cujus
992 1619 1132 1657 fabricae
1149 1619 1451 1658 evidentiffimum
1469 1624 1680 1672 exemplum

83 1682 133 1720 est
158 1685 198 1721 in
226 1684 365 1722 cerebri
392 1681 548 1720 sinubus.
585 1679 678 1717 Alias
708 1678 795 1716 loco
818 1677 966 1716 valvulae
992 1681 1153 1716 eminens
1184 1681 1315 1722 unice,
1357 1682 1452 1717 utin
1473 1683 1681 1721 arteriarum

79 1742 280 1783 orientibus
303 1743 414 1781 ramis
433 1769 444 1786 ‚
476 1750 609 1789 margo
629 1739 664 1777 se
685 1737 794 1776 effert.-
831 1737 920 1777 Vidi
948 1739 1054 1776 etiam
1082 1740 1120 1776 in
1147 1739 1276 1777 crurali
1299 1751 1389 1777 vena
1410 1739 1498 1778 loco
1525 1740 1680 1780 valvula-

1050 1797 1073 1836 S
1140 1807 1157 1842 3
1631 1802 1683 1850 laf'

266 1907 289 1928 c.
325 1906 352 1934 p
385 1905 431 1934 ¹3·

264 1948 288 1969 c.
317 1948 347 1967 n.
378 1946 423 1974 39.

265 1988 290 2008 e.
321 1977 339 2006 f.
373 1985 397 2006 1.
429 1986 457 2012 4.
1632 1996 1653 2012 ψ

267 2028 290 2048 c.
309 2017 326 2046 f.
1154 2020 1171 2036 Ι

251 2057 357 2087 ,ΧΧΙ
347 2056 398 2086 ΙΙΙ
426 2056 446 2086 f
471 2060 496 2090 8.
523 2056 610 2086 emm
634 2056 662 2085 in
681 2055 810 2093 jugulari.

241 2107 373 2137 n.progr
398 2098 431 2126 de
454 2097 575 2125 vahalis
591 2095 817 2133 jemilumrihus
843 2096 902 2125 anit
905 2096 1021 2125 ilmina:

286 2147 454 2168 RKRiNG
480 2137 498 2167 l.
519 2146 542 2167 c.
571 2138 589 2167 f.
610 2147 642 2183 ἓ,
660 2146 690 2175 3.

214 2179 227 2215 )
251 2179 270 2209 l.
286 2189 310 2209 c.
337 2179 358 2210 f.
382 2189 406 2217 g.

283 2220 506 2250 BRICIUsl-
535 2229 558 2249 c
585 2228 612 2256 p.
636 2229 663 2255 4.
691 2219 820 2249 Salomon
846 2216 1045 2248 Annum:
1066 2226 1096 2255 p.
1125 2226 1192 2256 ¹7¹·
1204 2218 1451 2252 [Pau-mum
1474 2219 1491 2252 1.
1521 2229 1545 2252 c.

226 2259 242 2289 1.
268 2269 294 2290 c.
320 2271 347 2298 p.
377 2267 401 2295 3.
419 2267 468 2289 aut
489 2259 631 2297 gemellas.

221 2299 259 2329 Ut
280 2300 502 2330 FAnchio
529 2300 618 2331 visum
637 2310 667 2338 p.
699 2311 725 2338 ς.
755 2300 781 2330 Sc
808 2300 950 2330 Sffzlononi
970 2296 1210 2330 ALRERTol.
1231 2310 1254 2332 c.

230 2340 257 2370 T
294 2341 328 2370 ll.
354 2351 381 2378 p.
401 2345 471 2376 680

225 2380 435 2412 Consentitltl.
462 2382 480 2412 S
495 2390 508 2409 n
521 2391 543 2410 N
558 2391 575 2410 A
588 2391 604 2411 c
617 2390 637 2410 υ
649 2391 662 2411 s
686 2381 706 2410 l.
721 2391 746 2411 c.
776 2391 807 2418 p.
831 2385 899 2420 679.

260 2423 281 2452 i
284 2432 313 2456 m
327 2422 375 2455 hic
404 2422 507 2453 eadem
529 2421 568 2452 est
595 2422 637 2453 Cl.
663 2421 714 2453 viti
732 2421 889 2454 observatio
904 2419 971 2454 ibid.

117 1891 138 2455 rsfflf-Affiffimmmmrxmmfx·

151 2308 164 2327 ν»
146 2144 170 2287 ἿὮὌἯ·
153 2106 168 2125 0
150 2066 170 2084 ζ
145 2026 174 2044 Ξ
152 1896 169 2004 Νῆ-Ν,

221 2421 281 2452 ξδῖ
