2003 2748
378 140 604 184 SECT.
671 139 1323 183 LVELAMENTA‘.
1555 142 1632 193 271

114 237 204 280 Inde
229 240 274 278 ad
304 253 434 279 venam
459 252 581 278 cavam
611 238 833 287 superiorem
861 237 983 275 transit
1005 239 1245 287 pericardium
1261 268 1270 283 ,
1318 239 1461 288 ejusque
1492 240 1602 279 radici
1623 242 1639 284 ,¹

57 300 130 338 fere
161 314 230 351 qua
260 300 304 338 de
327 312 409 338 aure
429 300 586 349 prodiit,
621 299 659 334 in
689 296 893 334 universum
915 297 988 333 fere
1009 297 1243 335 transversum
1271 299 1485 341 innascitur,
1522 302 1569 338 ita
1585 308 1636 338 ta·

58 372 142 397 men
157 389 167 404 ‚
205 367 245 397 ut
264 359 471 397 adhaefionis
490 359 582 395 linea
603 355 841 393 sinistrorsum
860 355 1057 393 adscendat.
1094 356 1182 393 Vidi
1208 358 1314 394 etiam
1339 360 1460 406 potius
1483 360 1520 395 in
1537 361 1636 408 prin-

59 420 156 468 cipio
172 417 406 461 adscendisse,
441 417 526 454 inde
552 416 597 454 ad
618 427 719 452 oram
735 426 834 452 venae
847 426 940 451 cavae
958 413 1129 452 finistram
1156 415 1378 454 descendiffe.
1416 417 1444 454 A
1470 430 1558 456 vena
1582 431 1638 457 ca-

58 489 102 515 va
122 479 165 515 ad
194 485 301 515 aortae
328 470 498 514 tru'ncum
521 473 642 512 tranfit
658 501 668 516 ‚
704 475 763 511 cui
784 473 857 510 fere
881 473 926 510 ad
951 473 1109 511 dimidiae
1135 474 1228 512 lunae
1269 476 1424 512 modum
1454 477 1634 521 adhaeret,

57 535 229 586 superiori
253 536 337 573 loco
365 534 443 582 (b)
459 562 468 577 ,
504 546 613 583 quam
635 533 785 581 quidem
809 544 902 570 cavae
935 544 1034 570 venae
1051 561 1060 575 ‚
1092 534 1128 570 &
1154 545 1247 582 pene
1272 543 1354 572 toto
1381 535 1513 583 pollice
1538 536 1641 586 supe-

58 598 141 634 rius.
186 595 302 632 Prima
322 592 473 631 adhaefio
495 622 505 636 ‚
540 605 619 642 quae
650 592 859 634 dexterior,
893 591 1017 628 eadem
1038 591 1201 640 suprema
1219 593 1268 629 est
1290 622 1299 635 ‚
1341 594 1385 630 ad
1412 606 1489 631 eam
1519 595 1641 633 sedem

58 661 165 692 aortae
183 682 192 697 ,
228 665 273 691 ex
305 664 376 702 qua
404 654 529 690 arteria
555 650 733 689 subclavia
762 651 887 688 dextra
916 651 1040 700 prodit
1066 653 1151 698 (c)
1175 664 1290 700 prope
1312 652 1488 690 summam
1517 667 1642 692 aurem

58 713 231 751 dextram.
267 712 357 750 Inde
377 710 612 749 sinistrorsum
644 709 827 748 descendit
858 709 973 756 (d),
1021 710 1065 747 ad
1100 722 1199 747 oram
1229 711 1438 749 inferiorem
1467 714 1640 751 nascentis

57 780 194 816 aortae‚·
226 773 270 809 ab
291 783 330 808 ea
353 783 441 808 vero
464 770 545 808 sede
574 769 810 807 transversum
833 770 848 815 (
867 770 917 813 ε)
943 768 1013 806 five
1035 769 1222 807 horizonti
1243 771 1472 819 parallelum,
1508 775 1544 810 in
1567 775 1642 821 ejus

57 832 229 882 principis
252 832 385 868 arteriae
413 837 586 868 truncum
602 829 817 873 innascitur3
851 839 1037 876 porroque
1055 830 1186 866 iterum
1204 829 1385 867 adscendit
1411 832 1429 876 (
1439 829 1468 879 f
1478 832 1494 876 )
1510 860 1519 874 ,
1554 832 1645 869 sem.

58 903 196 940 perque
219 889 455 928 sinistrorsum
481 902 553 928 una
578 887 718 931 tendit,
763 886 883 924 versus
909 888 1043 923 arteriae
1069 887 1289 935 pulmonalis
1315 888 1495 932 confinia,
1537 898 1645 940 atque

60 951 99 987 in
130 951 348 987 anteriorem
373 957 512 998 partem
537 948 664 986 radicis
691 946 816 984 ducias
846 944 1004 983 arteriofi
1033 945 1066 982 se
1091 946 1210 995 infigit
1242 948 1260 993 (
1273 959 1302 994 g
1318 946 1333 997 )
1350 977 1358 990 ‚
1395 950 1497 996 cujus
1518 949 1645 988 duetus

60 1016 122 1047 aut
137 1016 254 1046 totam
270 1008 542 1056 longitudinem
557 1036 567 1050 ‚
600 1015 661 1045 aut
681 1008 890 1055 portionem
919 1005 1001 1041 alias
1021 1007 1198 1052 majorem
1215 1034 1224 1048 ‚
1270 1008 1305 1044 ὃς
1331 1008 1513 1046 minorem
1540 1009 1644 1053 alias,

61 1068 120 1106 sua
140 1080 246 1105 cavea
267 1069 456 1113 continet3
488 1068 536 1104 ita
558 1066 652 1104 Lunae
673 1064 860 1103 crescentis
881 1062 1059 1100 finistrum
1081 1076 1197 1102 cornu
1220 1065 1396 1108 absolvit,
1434 1068 1536 1116 quod
1559 1068 1649 1118 dex-4

62 1134 120 1165 tro
143 1139 260 1165 cornu
290 1127 474 1175 aliquanto
503 1125 674 1163 humilius
690 1152 700 1166 ‚
740 1123 916 1171 angulum
942 1134 1036 1171 pene
1064 1123 1200 1160 redum
1217 1135 1301 1161 cum
1325 1137 1369 1162 eo
1393 1124 1510 1163 effissit.

121 1185 220 1224 Hinc
242 1186 299 1223 vel
325 1185 370 1222 ad
393 1186 558 1222 arteriam
576 1182 825 1233 pulmonalem
840 1209 849 1224 ‚
885 1193 955 1230 qua
976 1193 1022 1218 ex
1048 1183 1123 1229 ejus
1143 1190 1275 1220 trunco
1308 1178 1433 1221 du&us
1458 1186 1647 1224 arteriosus

61 1244 211 1296 prodit,
260 1244 316 1282 vel
340 1245 448 1282 etiam
478 1245 635 1281 exterius
655 1242 699 1279 ad
724 1252 866 1279 ramum
892 1242 968 1288 ejus
991 1242 1125 1277 arteriae
1148 1241 1325 1279 finistrum
1352 1244 1475 1290 (g'l‘)
1501 1247 1621 1294 pergit
1636 1274 1648 1289 ‚

62 1303 198 1342 sursum
230 1303 378 1345 eundo,
413 1316 504 1353 aque
527 1316 567 1341 ea
595 1302 721 1340 arteria
748 1300 821 1337 fere
846 1299 938 1337 reeca
963 1299 1132 1338 deorsum
1167 1300 1212 1337 ad
1243 1314 1373 1339 venam
1401 1302 1653 1350 pulmonalem

66 1365 141 1411 ejus
170 1362 288 1401 lateris
316 1362 432 1401 tendit
463 1362 582 1412 (h),
623 1362 658 1399 ὃς
688 1360 891 1410 superiori,
930 1359 967 1396 &
992 1358 1157 1397 inferiori
1185 1367 1317 1399 trunco
1343 1362 1463 1400 innata
1480 1391 1490 1406 ,
1528 1365 1653 1414 proma⁴

66 1433 126 1460 me
150 1421 372 1460 dlvifionem.

635 1482 668 1523 §-
703 1476 776 1516 XI
792 1476 838 1514 V.
906 1474 1087 1521 Posterius.

129 1599 201 1640 Hic
222 1600 372 1639 ultimus
394 1599 478 1648 finis
493 1598 620 1636 sinistri
638 1598 674 1635 &
693 1597 880 1636 antenoris
891 1596 1020 1634 limitis
1032 1596 1225 1646 pericardii
1243 1598 1303 1636 est.
1338 1598 1538 1644 Posterior,
1564 1602 1657 1641 mul-

68 1671 110 1700 to
122 1659 314 1703 difficilior,
331 1672 375 1697 eo
389 1659 504 1697 modo
522 1659 554 1696 se
569 1658 696 1700 habet,
713 1669 824 1707 quem
841 1669 940 1695 nunc
952 1656 1069 1693 dicam
1081 1684 1091 1699 ‚
1118 1658 1225 1694 initio
1239 1657 1361 1696 denuo
1375 1672 1393 1696 a
1406 1660 1540 1697 dextris
1552 1661 1653 1699 facio.

127 1720 184 1757 Ad
208 1732 339 1757 venam
357 1718 606 1768 pulmonalem
635 1717 855 1766 superiorem
876 1712 1041 1753 Gextram
1058 1743 1068 1757 ‚
1108 1716 1144 1752 &
1172 1715 1382 1755 inferiorem
1415 1720 1658 1767 pericardium

72 1779 295 1826 innascitur(
314 1780 327 1814 i
347 1779 366 1826 )
387 1804 397 1821 ,
434 1778 470 1814 &
496 1780 534 1814 in
554 1776 737 1825 utriusque
754 1775 944 1812 intervallo
961 1774 1006 1812 ad
1028 1774 1282 1813 membranam
1296 1776 1392 1815 finus
1406 1777 1541 1816 sinistri.
1576 1779 1658 1817 Pars

71 1840 148 1887 ejus
169 1850 269 1876 venae
298 1839 389 1875 intra
410 1836 527 1874 finu'm
548 1836 597 1873 est
613 1864 622 1878 ‚
660 1847 740 1884 pars
762 1843 861 1872 extra
885 1846 978 1872 eum.

130 1896 220 1935 1nde
238 1898 358 1946 pergit
381 1895 616 1934 transversum
634 1923 644 1937 ,
671 1894 789 1944 adque
808 1892 927 1932 finum
954 1891 1132 1930 finistrum
1164 1894 1284 1931 cordis
1305 1896 1443 1933 accedit
1460 1924 1470 1938 ‚
1506 1909 1576 1946 qua
1607 1910 1659 1934 ar-

1565 1958 1660 1994 teriae

117 2046 189 2082 (a)
211 2046 264 2076 Eu
281 2055 292 2075 s
308 2054 328 2074 'r
345 2055 439 2075 Aen.
472 2044 506 2074 T.
533 2044 566 2074 V.
591 2044 611 2073 f.
638 2053 664 2072 z.
696 2042 778 2073 Conf
806 2043 893 2073 etiam
917 2041 1018 2080 FascIc.
1042 2041 1125 2081 uqslr.
1153 2041 1203 2073 111.
1233 2042 1305 2073 Tab.
1334 2051 1385 2074 art.
1411 2046 1485 2083 pest.
1510 2045 1662 2078 Trans-zer.

75 2087 136 2118 sam
156 2087 260 2117 lineam
278 2086 371 2123 pinxit
398 2084 423 2116 Ι,
438 2095 456 2114 A
471 2094 493 2113 N
509 2094 574 2114 c1s
588 2093 655 2113 rus
679 2083 696 2113 l.
721 2094 745 2113 c.
765 2082 798 2113 T.
823 2083 836 2113 1
866 2084 901 2112 ad
931 2084 965 2114 K.
1021 2094 1025 2097 ·

117 2125 506 2165 (b)LANc1s1usl.
531 2135 554 2155 c.

118 2170 192 2205 (c)
218 2168 277 2205 Fig.
297 2166 319 2196 I.
343 2167 412 2196 nost.
444 2166 486 2195 M.
511 2165 739 2195 EusTAen.
761 2164 797 2194 Τ.
823 2164 888 2194 XV.
914 2164 935 2193 f.
962 2173 990 2194 2.
1016 2171 1044 2197 4.

117 2209 197 2245 (d)
220 2209 276 2245 Fig.
302 2207 387 2237 nostr.
410 2207 450 2238 N.
472 2206 686 2236 EUSTACH
711 2204 746 2235 T.
770 2203 840 2235 XV.
866 2204 885 2235 f.
915 2215 942 2241 4.

118 2252 129 2283 (
150 2250 192 2285 e)
216 2248 285 2278 lbid.

119 2288 197 2326 (f)
220 2289 292 2319 lbid.
317 2288 366 2318 sub
391 2287 421 2317 F.
449 2287 486 2318 ad
512 2287 547 2317 O.

118 2331 164 2368 (g
182 2331 195 2366 )
223 2329 265 2359 Ab
287 2328 313 2357 O
335 2329 372 2358 ad
396 2329 422 2358 P.

120 2371 133 2406 (
151 2371 212 2408 g‘)
236 2370 277 2400 Ad
292 2376 427 2399 truncum
451 2369 512 2405 eius
533 2367 640 2398 arteriae
660 2376 845 2397 communem
868 2366 1032 2398 LAtffcrs
1048 2377 1116 2399 rus
1141 2365 1159 2397 1.
1185 2377 1212 2398 c.

121 2412 135 2448 (
153 2412 201 2447 h)
223 2411 281 2448 Fig.
311 2409 380 2438 nost.
403 2408 427 2438 1.
448 2410 484 2438 ad
502 2409 533 2439 L.

122 2453 165 2489 (i
185 2452 199 2490 )
221 2451 266 2483 Ad
285 2450 398 2485 iminium
421 2451 492 2483 rami
508 2448 606 2480 finistri
627 2448 673 2488 fig.
702 2448 775 2481 nost.
801 2448 824 2481 Ι.
847 2448 883 2482 Κ.
912 2448 935 2480 Ε
949 2457 972 2484 υ
986 2459 999 2481 s
1013 2459 1146 2485 rnen.
1173 2449 1208 2481 T.
1230 2449 1296 2483 XV.
1316 2450 1335 2483 f.
1360 2453 1386 2484 6,
