2003 2748
531 157 1290 201 SECIZLARTERIAE
1613 174 1693 210 117

94 264 243 310 recepta
262 258 433 297 sententia
445 256 545 296 fiunt.
581 257 743 295 Tantum
766 257 863 294 enim
886 255 981 292 abest
1001 268 1020 293 a
1042 256 1258 294 distentione
1273 256 1449 296 cananum
1470 257 1664 307 ligatorum
1677 259 1693 301 ‚¹

89 326 142 358 ssut
162 319 302 368 sanguis
332 317 519 356 vinculum
546 317 660 366 fugiat
677 345 685 359 ‚
719 327 933 364 ramumque
958 315 1201 363 impervium,
1239 319 1349 366 inque
1377 319 1690 356 communicantes

100 381 243 416 arterias
266 378 298 414 se
331 379 500 426 recipiat,
540 376 659 412 donec
679 378 707 411 is
723 403 732 417 ,
770 387 880 424 quem
900 374 1041 411 vinxisti
1057 403 1066 417 ,
1097 378 1252 413 omnino
1280 378 1393 414 inanis
1413 376 1557 426 superfit
1588 377 1685 425 (z).

160 436 457 476 Obstrustionem
483 436 588 473 etiam
612 435 699 483 saepe
729 436 765 470 in
791 437 876 470 vivo
902 433 1053 471 animale
1081 435 1162 471 vidi.
1203 436 1404 484 Aliquando
1423 436 1564 485 sanguis
1581 438 1618 473 in
1635 439 1690 485 ip-

102 496 144 534 fis
171 498 305 534 arteriis
327 497 473 542 cogitur
488 522 497 536 ,
533 494 692 540 globulis
719 495 755 530 in
777 505 887 531 unam
912 491 1007 540 quasi
1030 492 1171 530 massam
1191 498 1346 532 conluiis
1372 497 1424 543 (a
1441 497 1465 541 ).
1503 495 1588 533 Eam
1604 495 1692 533 mas-

102 555 174 592 sam
199 554 393 603 aliquando
415 553 594 601 sanguinis
615 554 668 588 vis
694 551 863 601 superstes
888 551 1038 594 liberat,
1079 553 1115 588 δε
1141 565 1204 601 per
1232 554 1361 591 vulnus
1385 554 1533 603 aliquod
1557 556 1691 592 arteriae,

101 625 246 652 venaeve
267 611 418 649 incisum
450 611 604 660 expellit.
641 611 681 648 ld
706 610 770 647 nisi
791 611 921 647 facium
948 609 1082 653 fuerit,
1120 612 1268 661 quiescit
1294 613 1338 649 ad
1366 626 1444 650 eam
1468 613 1589 651 sedem
1616 613 1691 650 san-

101 674 182 721 guis
200 700 208 714 ‚
245 672 281 709 &
306 671 350 707 ad
368 669 600 719 coagulatum
628 682 796 708 cruorem
817 677 1002 717 tamquam
1028 671 1203 708 adtraCtus
1237 672 1430 720 colligitur.
1474 672 1611 711 Iterum
1629 684 1692 710 ve-

100 744 177 768 ram
208 730 490 768 obstrueiionem
513 730 601 778 saepe
632 729 728 772 vidi,
767 730 910 778 quoties
937 729 1037 766 albus
1064 729 1198 767 humor
1221 734 1384 768 arteriam
1407 744 1609 781 venamque
1635 734 1691 770 in·-

100 790 208 828 cisam
235 792 326 827 circa
351 789 480 826 vulnus
504 789 683 838 plurimus
715 788 915 825 obfarserat.
965 788 1167 838 Nunquam
1198 797 1286 828 tunc
1308 793 1347 828 in
1379 804 1458 828 eam
1478 792 1691 830 obstructio-

100 861 186 887 nem
204 849 405 898 quidquam
423 855 546 887 natura
567 847 717 885 molitur
731 875 741 889 ,
778 859 898 896 neque
916 846 1056 895 sanguis
1076 848 1193 886 versus
1216 861 1294 886 eam
1313 849 1432 886 sedem
1451 850 1694 896 acceleratur,

100 908 160 946 sed
181 915 241 946 aut
273 909 344 945 vias
359 935 369 950 ,
404 919 467 957 per
488 906 706 956 coagulum,
735 906 863 943 liberas
893 909 1070 955 percurrit
1092 906 1143 955 (b
1160 909 1200 953 ),
1236 915 1296 946 aut
1313 910 1468 946 omnino
1490 910 1527 946 in
1546 915 1627 947 toto
1645 922 1690 947 eo

103 975 234 1005 trunco
250 967 406 1016 quiescit.
442 966 603 1015 Vulgare
618 967 725 1003 etiam
747 966 795 1003 est
814 994 823 1008 ‚
853 965 1068 1013 sanguinem
1091 968 1127 1003 in
1143 969 1279 1004 arteriis
1302 969 1500 1005 immotum
1516 968 1687 1017 stagnare.

102 1026 210 1065 Tunc
224 1055 233 1069 ,
263 1028 326 1074 qui
347 1037 465 1063 novus
484 1038 503 1062 a
523 1025 634 1062 corde
654 1025 830 1066 succedit,
853 1025 944 1061 adeo
961 1037 1038 1062 non
1060 1027 1183 1063 arietat
1204 1034 1330 1064 contm
1347 1027 1419 1064 hoc
1441 1028 1663 1067 obstaculum
1677 1057 1687 1071 ,

103 1092 144 1123 ut
165 1085 324 1135 repulsus
347 1085 392 1121 ad
420 1095 485 1121 cor
509 1084 630 1121 redeat
654 1085 671 1131 (
685 1094 703 1120 c
719 1084 738 1130 )
754 1112 764 1126 ,
797 1094 916 1131 neque
937 1083 1154 1121 obstructam
1169 1087 1333 1122 arteriam
1358 1086 1490 1124 dilatet.
1527 1085 1687 1130 Denuo,

103 1156 188 1182 cum
211 1145 375 1181 materies
397 1143 527 1180 viscida
542 1142 740 1180 carotidem
763 1142 909 1179 alteram
927 1142 1154 1180 obstruxiffet
1169 1172 1178 1185 ,
1213 1156 1331 1194 neque
1349 1145 1522 1183 diameter
1543 1146 1618 1192 ejus
1638 1159 1692 1184 ar-

101 1204 197 1240 teriae
215 1201 278 1240 sub
306 1214 351 1239 eo
374 1201 530 1249 coagulo
559 1202 675 1248 major
702 1199 771 1238 fuit
790 1229 800 1243 ‚
837 1212 957 1249 neque
978 1201 1092 1239 rubor
1120 1202 1212 1240 ullus
1228 1231 1238 1246 ,
1282 1203 1471 1252 signumve
1493 1203 1691 1243 inflamma-

103 1262 212 1300 tionis
231 1263 249 1308 (
265 1261 288 1298 d
304 1262 321 1309 )
355 1260 476 1298 adfuit.

161 1319 285 1367 Quare
309 1319 602 1358 inflammationis
631 1318 731 1358 causa
758 1320 913 1357 omnino
942 1320 1007 1357 alia
1038 1320 1082 1357 ab
1111 1321 1355 1359 obstrufflone
1385 1322 1460 1364 est,
1499 1321 1570 1359 five
1591 1334 1691 1361 nunc

102 1392 122 1418 a
138 1379 284 1417 stimulo
300 1379 422 1428 aliquo
438 1378 498 1417 fiat
512 1407 522 1422 ‚
559 1386 601 1417 ut
617 1378 729 1417 multa
745 1407 756 1422 ‚
791 1379 827 1415 δι
853 1378 1076 1427 potifflmum
1101 1381 1140 1416 in
1161 1380 1271 1418 oculo
1287 1381 1424 1418 irritato
1450 1381 1692 1430 phaenomena

101 1438 246 1476 suadere
266 1438 435 1476 videntur
455 1439 505 1485 (e
519 1439 562 1485 ),
594 1437 666 1475 five
693 1439 848 1475 omnino
877 1438 985 1485 hujus
1006 1438 1090 1475 mali
1113 1446 1238 1477 natura
1265 1440 1435 1478 nondum
1467 1442 1612 1489 penitus
1635 1443 1691 1479 in-

99 1498 274 1536 notuerit.
306 1500 313 1508 ·“
703 1511 707 1514 ’

160 1555 333 1606 Denique
359 1555 586 1594 vasculorum
613 1556 791 1594 continuo
821 1555 1103 1595 decrescentium
1130 1557 1265 1595 multos
1282 1586 1293 1600 ,
1332 1557 1469 1608 sibique
1497 1558 1692 1597 succeden-

101 1621 160 1653 tes
182 1615 339 1657 ordines,
365 1616 520 1652 omnino
542 1616 649 1652 etiam
673 1626 774 1653 nunc
795 1615 907 1652 multa
925 1622 1045 1653 vetant
1064 1616 1252 1654 admittere
1270 1645 1278 1658 ‚
1314 1628 1393 1666 quae
1415 1617 1554 1655 dudum
1574 1619 1692 1667 obpo-

95 1673 162 1712 fisi.
194 1672 250 1723 (f
260 1675 290 1721 ).
326 1672 371 1712 Et
396 1675 557 1723 primum
582 1686 726 1723 aequum
749 1674 799 1711 est
814 1702 823 1716 ‚
847 1686 910 1722 per
926 1677 1088 1712 arteriam
1114 1669 1259 1713 rubram
1280 1676 1541 1725 expeditissime
1562 1690 1692 1715 venam

102 1732 338 1781 sanguineam
359 1733 508 1783 repleri,
530 1745 610 1782 quae
628 1732 787 1782 globulis
803 1734 920 1771 rubris
937 1735 1151 1783 recipiendis
1167 1744 1268 1778 nata,
1288 1744 1394 1784 atque
1412 1736 1503 1772 adeo
1520 1738 1691 1774 omnibus

104 1794 291 1830 minorum
311 1804 487 1840 generum
503 1793 676 1830 arteriolis
692 1792 846 1842 amplior
862 1792 912 1830 fit.
931 1792 1077 1831 Deinde
1093 1801 1240 1842 oportet
1252 1822 1262 1836 ‚
1291 1794 1471 1843 liquorem
1487 1795 1691 1834 coloratum

105 1851 223 1900 paulo·
239 1849 418 1889 difficilius
432 1879 441 1893 ,
471 1863 580 1900 quam
600 1853 638 1888 in
655 1864 785 1888 venam
806 1852 971 1894 rubram,
999 1852 1135 1890 facilius
1153 1865 1240 1890 vero
1257 1882 1266 1896 ,
1291 1865 1399 1903 quam
1415 1856 1453 1891 in
1471 1854 1535 1891 alia
1556 1854 1692 1892 vascula

95 1912 293 1948 minorum
319 1922 516 1959 generum,
552 1913 589 1948 in
604 1912 769 1948 arteriam
785 1909 912 1948 flavam
930 1911 1074 1949 transire
1086 1941 1095 1953 ,
1127 1919 1167 1948 ut
1184 1924 1263 1960 quae
1278 1915 1465 1951 minorum
1483 1913 1691 1962 amplissima

107 1967 157 2005 fit.
193 1968 284 2007 Inde
303 1969 467 2007 arteriola
489 1969 706 2019 lymphatica
719 1977 780 2008 aut
792 1970 965 2019 pellucidi
981 1971 1146 2020 humoris
1167 1970 1346 2009 difficilius
1363 1972 1544 2021 liquorem
1559 1973 1693 2021 impul-

1007 2029 1035 2067 -P
1101 2040 1118 2073 3
1614 2031 1692 2070 sum

146 2192 161 2227 s
176 2203 193 2223 z
206 2194 219 2231 )
243 2194 346 2224 Second
361 2192 560 2234 Memoiresur
575 2195 599 2224 le
617 2200 795 2225 mouvemmt
809 2196 849 2226 du
866 2193 949 2235 fizng.
974 2194 1048 2230 Exp.
1071 2200 1120 2232 54.
1136 2202 1182 2233 93.
1206 2193 1234 2225 1³.
1250 2204 1264 2225 Ε
1278 2205 1301 2225 M
1314 2203 1338 2227 υ
1350 2204 1362 2225 s
1386 2194 1415 2224 in
1430 2202 1519 2233 exper.
1534 2195 1573 2225 ad
1593 2196 1690 2226 circul.

94 2230 190 2310 sanga
202 2243 308 2313 {³333-
339 2286 354 2313 9
364 2285 387 2312 3.

147 2316 213 2352 (h)
235 2315 309 2354 Exp.
330 2323 395 2351 180.

148 2357 212 2393 (c)
235 2356 307 2394 Exp.
325 2366 374 2393 92-
395 2365 442 2394 93·
467 2363 536 2392 187.

147 2396 220 2433 (d)
243 2395 371 2435 Opufiul.
394 2399 531 2436 patholog.
553 2397 609 2428 obs?
641 2407 685 2434 19.

147 2436 161 2472 (
178 2437 215 2473 e)
239 2438 316 2467 Wn
331 2448 351 2468 r
364 2449 416 2468 ττ
437 2439 630 2477 phffi’ologicnl
649 2435 744 2477 Effiffl'
764 2449 792 2479 p.
820 2442 867 2477 67.

148 2476 213 2516 (f)
236 2477 358 2511 PneleH.
381 2481 416 2512 ad
429 2479 450 2511 B
463 2490 479 2510 o
491 2489 581 2512 sau.
607 2480 642 2512 T.
666 2480 703 2513 11.
728 2490 758 2512 n.
787 2490 854 2520 245.
875 2486 935 2514 not.
953 2491 976 2513 c.
