2003 2748
297 142 346 180 28
564 129 1641 176 LIBJ.CORRHUMELEMENTAJ·

298 242 380 269 rum
399 242 592 269 numerum
611 230 710 267 dedit
728 229 777 267 Ill.
802 228 830 267 A
844 241 864 266 L
877 242 896 266 B
912 242 923 266 1
941 242 964 267 N
980 242 1001 267 υ
1015 243 1029 268 3
1057 231 1145 278 (m)
1162 259 1171 273 ,
1213 231 1248 267 δι
1271 231 1392 280 quales
1419 234 1607 270 cavitatem
1626 233 1765 282 replent
1782 262 1791 276 ‚
1811 245 1892 283 quae

297 290 426 328 malam
459 292 552 326 inter
576 290 848 326 buccinatorem
874 289 1078 327 musculum
1101 290 1258 338 plurima
1291 292 1515 339 pinguedine
1535 292 1688 329 sarcitur.
1746 292 1891 341 Magnae

298 352 333 387 &
347 348 557 386 mollissimae
573 348 686 396 glebae
705 349 830 385 orbitae
848 348 883 384 id
900 360 1011 385 omne
1028 349 1167 397 replent
1182 377 1190 391 ‚
1209 350 1309 397 quod
1324 350 1475 388 musculi
1494 351 1693 400 bulbusque
1705 352 1888 389 0611111113-

297 421 342 445 ne
358 408 593 456 relinquunt,
619 419 738 456 neque
757 419 805 444 eae
817 407 893 444 ullo
907 409 943 444 in
956 408 1106 444 animale
1120 407 1362 445 desiderantur
1379 409 1432 456 (n
1444 411 1473 457 ).
1519 409 1561 447 Et
1579 410 1758 457 ejusmodi
1775 409 1889 447 emme

295 468 410 516 glebae
432 468 470 503 in
500 465 614 503 obesis
637 466 896 515 diaphragmati
924 467 1162 509 incumbunt,
1192 467 1226 503 &
1245 468 1446 516 pericardio
1464 497 1477 512 ,
1512 471 1548 507 &
1577 469 1768 506 intervallo
1797 469 1889 506 duo-

292 539 374 573 rum
399 525 583 563 saccorum
607 525 738 574 pleurae
763 527 1008 563 continentur.

353 584 566 622 Uberrimus
580 585 686 634 adeps
700 587 792 622 circa
808 597 909 621 renes
922 586 957 622 Sc
975 585 1132 622 anterior
1149 614 1157 627 ‚
1175 586 1210 623 &
1224 587 1411 635 posteiiOr,
1432 586 1528 636 isque
1541 588 1663 636 potius
1683 586 1887 636 copiosior,

294 646 460 688 renibus,
496 656 698 693 eorumque
718 643 879 680 inferiori
896 644 1001 681 limiti
1024 645 1178 691 adjeuus
1199 646 1248 682 est
1264 674 1272 688 ‚
1302 657 1377 695 quo
1401 658 1440 682 ea
1463 646 1590 683 viscera
1607 646 1701 683 Psoae
1722 647 1890 684 musculo

296 705 332 741 δι
350 704 523 753 quadrato
539 701 754 740 lumborum
768 701 921 740 insident
937 703 957 750 (
972 715 990 740 o
1009 703 1038 750 ).
1075 702 1108 739 Is
1124 704 1253 741 iterum
1270 705 1377 753 adeps
1390 707 1530 753 magnis
1551 707 1657 742 etiam
1668 706 1782 753 glebiS
1797 718 1891 744 con-

295 765 429 800 tinetur
442 791 451 805 ‚
474 761 639 800 rotundis
660 769 721 800 aut
739 761 864 814 qbtuse
879 762 1058 810 quadratis
1071 790 1080 804 ‚
1104 774 1190 811 quas
1207 763 1347 802 laminae
1369 763 1465 812 quasi
1478 763 1653 801 cellulosae
1669 766 1858 802 continent
1874 793 1886 806 ,

294 824 333 859 11]
363 822 514 859 1101111116
537 821 686 870 quidem
701 849 711 863 ,
736 821 772 857 ὃς
798 821 1092 870 quadrupedibus
1110 822 1323 861 animalibus
1340 823 1391 870 (p
1403 823 1433 870 ).
1470 822 1609 860 Durior
1636 825 1662 860 13
1686 824 1794 873 adeps
1821 822 1892 860 effe

295 882 385 919 solet
399 910 409 924 ,
434 882 468 917 8(
486 880 607 918 sedilis
621 909 631 924 ,
652 880 685 917 8(
698 879 769 918 sebi
780 879 1003 929 potissimum
1021 882 1173 918 nomine
1194 889 1302 920 notus
1320 882 1380 919 est.
1416 876 1586 931 Denique
1605 884 1642 919 in
1660 881 1789 920 offium
1806 882 1888 920 lon-

295 952 432 989 gorum
459 941 584 977 medio
611 939 742 977 tubulo
766 951 907 987 magnae
939 939 1133 989 longaeque
1163 940 1277 988 glebae
1306 941 1572 990 pinguitudinis
1608 942 1887 984 reconduntur,

296 1012 383 1050 quas
401 1001 593 1037 tenerrima
609 999 818 1036 membrana
836 1000 871 1035 Sc
894 1006 997 1036 extus
1019 1001 1207 1042 terminat,
1242 1000 1277 1036 &
1294 1000 1552 1038 suislaminulis
1566 1002 1715 1037 interior
1731 1000 1883 1043 dividit,

292 1056 443 1109 mollior
459 1087 468 1100 ‚
490 1071 601 1107 quam
626 1070 705 1107 quae
739 1055 864 1095 flatum
892 1058 981 1094 ferat
1020 1060 1068 1105 (q
1080 1059 1109 1104 ).
1165 1058 1274 1096 Reste
1301 1059 1377 1096 hsec
1408 1058 1588 1108 descripsit
1626 1058 1647 1108 J
1663 1071 1685 1096 o
1701 1072 1716 1096 s
1732 1072 1751 1096 E
1764 1072 1782 1096 P
1796 1072 1822 1096 H
1836 1072 1858 1096 U
1871 1073 1889 1097 3-

294 1118 332 1156 D
345 1131 367 1155 U
381 1130 403 1154 v
420 1130 439 1154 Ε
452 1130 474 1154 R
486 1130 512 1154 N
528 1130 548 1154 E
564 1129 584 1154 Y
595 1145 604 1160 ‚
640 1117 888 1153 membranam
901 1128 1032 1165 nempe
1044 1116 1210 1155 medullae
1227 1129 1464 1155 communem
1482 1147 1490 1160 ‚
1514 1120 1549 1155 &
1566 1117 1732 1156 veficulas
1749 1125 1885 1161 tenues,

296 1190 376 1227 quae
395 1178 431 1213 in
444 1176 476 1214 se
492 1183 622 1214 mutuo
637 1183 802 1225 pateant,
822 1176 979 1225 oleoque
994 1175 1109 1224 plenae
1125 1175 1191 1213 smt
1206 1176 1299 1224 (ν),
1347 1176 1500 1214 Glebam
1530 1177 1628 1214 illam
1650 1190 1821 1225 magnam
1848 1180 1888 1215 in

297 1236 433 1274 fervida
453 1237 548 1273 abire
570 1237 608 1272 in
628 1236 799 1272 farcimen
815 1263 826 1277 ,
845 1234 902 1272 sua
917 1235 1126 1272 membrana
1142 1235 1331 1272 definitum
1346 1264 1356 1277 ‚
1379 1235 1413 1273 K
1426 1248 1449 1272 A
1465 1249 1486 1271 A
1499 1248 1519 1272 U
1533 1248 1570 1273 w
1584 1248 1597 1272 1
1611 1249 1635 1273 u
1647 1249 1662 1273 s
1692 1236 1783 1275 vidit
1795 1237 1814 1285 )
1826 1249 1841 1274 s
1852 1237 1887 1285 ),

357 1295 527 1347 Sequitur
543 1323 553 1337 ‚
578 1302 618 1333 ut
644 1294 732 1343 quid
754 1294 861 1343 adeps
885 1293 925 1330 sit
942 1322 951 1336 ,
977 1306 1154 1332 conemur
1174 1306 1369 1343 exponere.
1404 1295 1446 1332 In
1467 1307 1621 1344 corpore
1641 1296 1801 1332 hominis
1821 1324 1829 1338 ‚
1851 1297 1889 1333 Sc

296 1354 576 1405 quadrupedum
596 1355 892 1395 carnivororum,
921 1353 1029 1402 adeps
1046 1382 1055 1395 ,
1076 1352 1146 1390 five
1161 1354 1362 1402 pinguedo,
1386 1354 1506 1392 mollis
1533 1355 1601 1397 est,
1630 1356 1666 1391 &
1685 1361 1780 1391 certe
1800 1354 1890 1393 dum

297 1416 387 1452 vivit
404 1414 555 1456 animal,
583 1415 738 1450 omnino
761 1412 805 1450 ad
834 1411 941 1450 fluida
962 1414 1127 1461 pertinet.
1173 1412 1224 1449 lta
1243 1413 1330 1462 saepe
1351 1414 1425 1450 vidi
1441 1415 1479 1450 in
1503 1415 1592 1451 vivis
1618 1414 1765 1451 canibus
1781 1442 1790 1456 ‚
1813 1411 1890 1463 pel-

298 1473 482 1516 lucidum,
504 1472 730 1521 fluidumque
762 1472 905 1520 adipem
925 1473 963 1508 in
988 1479 1160 1515 omento,
1188 1472 1321 1514 corde,
1358 1474 1487 1510 ovariis
1515 1473 1658 1522 aliisque
1689 1473 1891 1511 calidorum

301 1532 509 1571 animalium
530 1532 702 1568 membris
716 1560 724 1573 ,
759 1532 795 1568 &
826 1530 970 1578 gaudeo
1006 1543 1152 1568 mecum
1179 1531 1380 1568 consentire
1401 1531 1454 1570 Cl.
1484 1531 1574 1568 olim
1602 1533 1721 1570 virum
1743 1531 1837 1569 SAN
1853 1544 1892 1569 c-

300 1606 324 1630 T
340 1604 507 1631 01111111
540 1591 803 1629 SANCTORI
819 1601 882 1626 Um
900 1587 993 1638 (t),
1024 1602 1134 1638 quem
1158 1589 1310 1627 Thomas
1325 1590 1544 1628 MORGAN
1564 1591 1652 1638 (u)
1670 1586 1809 1628 secutus
1828 1591 1887 1628 est.

298 1652 352 1690 Eo
376 1653 483 1688 etiam
498 1649 595 1686 sensu
619 1649 786 1697 intelligo
809 1647 1035 1696 Franciscmn
1055 1647 1128 1693 Qu
1142 1660 1161 1684 E
1175 1661 1189 1684 s
1203 1660 1226 1684 N
1240 1660 1263 1684 A
1276 1660 1319 1692 v,
1347 1649 1494 1698 quando
1517 1656 1658 1686 textum
1678 1649 1890 1687 cellulosum

300 1714 363 1749 vix
380 1711 423 1747 ad
441 1709 551 1746 solida
575 1710 753 1757 pertinere
779 1705 910 1755 scripfit
929 1706 1023 1754 (x).
1069 1706 1111 1743 In
1130 1706 1283 1755 piscibus
1302 1709 1452 1745 cetaceis
1476 1708 1663 1744 manifesto
1687 1708 1794 1756 adeps
1812 1707 1891 1745 flui-

300 1772 367 1808 dus
397 1770 464 1811 est,
501 1769 534 1805 ὃ(
554 1767 705 1805 fluidum
727 1767 863 1816 sperma
882 1767 971 1807 ceti,
1007 1777 1081 1814 quo
1103 1767 1252 1802 nomine
1276 1778 1339 1815 per
1365 1779 1526 1804 errorem
1543 1774 1691 1804 vocatur
1709 1795 1717 1810 ,
1748 1757 1892 1804 cellulas

289 1832 408 1878 6131111
434 1841 517 1866 cum
539 1835 618 1864 toto
638 1839 793 1875 corpore
824 1826 1139 1862 communicantes
1161 1825 1275 1874 replet
1292 1825 1380 1874 (y).
1431 1825 1550 1875 Adeps
1569 1825 1696 1875 phocae
1720 1827 1887 1873 majoris,

300 1903 411 1941 quem
428 1888 575 1926 leonem
591 1887 773 1924 marinum
788 1891 893 1923 vocat
904 1882 1155 1922 Nobilissimus
1170 1882 1202 1921 A
1214 1896 1238 1920 N
1252 1896 1266 1921 s
1278 1896 1301 1922 0
1313 1896 1336 1921 N
1358 1884 1444 1934 (z)
1456 1913 1466 1929 ‚
1490 1887 1528 1922 in
1543 1893 1649 1922 moto
1662 1885 1812 1924 animale
1824 1885 1893 1922 ins-

1839 1953 1891 1982 tar

338 2009 351 2043 (
362 2008 414 2043 m)
440 2005 508 2044 Ηξβ.
527 2001 611 2042 mnj‘c.
631 2011 703 2039 corp.
731 2001 808 2031 hum.
835 2011 862 2040 p.
880 2008 945 2037 319.
963 1998 1033 2038 694.

341 2050 412 2085 (n)
437 2049 453 2077 P
469 2059 485 2076 L
502 2058 510 2076 1
528 2055 568 2074 Νι
588 2055 606 2073 11
622 2054 634 2074 s
652 2044 710 2079 hist.
735 2049 834 2072 natur.
868 2042 915 2072 lib.
944 2041 996 2072 XI.
1022 2051 1049 2080 p.
1070 2044 1139 2079 635,

338 2091 399 2127 (0‘)
424 2090 450 2120 K
467 2099 485 2118 A
501 2099 519 2117 Α
535 2098 553 2116 υ
569 2096 594 2115 w
614 2083 768 2122 deperspir.
789 2094 817 2112 n.
839 2087 905 2120 569.
928 2093 999 2119 570.

340 2132 404 2168 (p)
427 2129 592 2159 Laminatus
606 2127 693 2164 adeps
712 2125 774 2155 latis
794 2124 868 2154 foliis
885 2123 1032 2161 dispositus
1051 2123 1124 2153 circa
1142 2131 1223 2154 renes
1237 2120 1411 2163 marsitpialis
1428 2122 1454 2154 T
1468 2132 1512 2155 *ts
1527 2133 1544 2154 ο
1556 2133 1579 2154 N
1607 2133 1635 2163 p.
1657 2133 1705 2164 35,

340 2173 405 2210 (q)
429 2171 453 2200 G
470 2180 483 2198 t<
501 2180 520 2198 u
534 2178 582 2198 ·rz
599 2179 620 2196 M
636 2178 653 2196 A
669 2177 687 2196 6
703 2177 724 2196 n
740 2177 753 2196 ιτ,
769 2175 789 2194 R
811 2166 979 2194 demedulla
997 2162 1090 2202 ffum
1106 2173 1198 2200 11,ι,1,

337 2212 401 2248 (ν)
426 2211 562 2240 Memoir.
581 2210 614 2237 de
625 2208 737 2238 l‘Acad.
758 2203 909 2244 desscienc.
935 2214 1019 2244 1700.
1049 2214 1076 2243 p.
1099 2213 1166 2236 202,

341 2253 401 2289 (sl
425 2251 439 2280 1Ὶ
459 2262 483 2281 c.
499 2260 525 2279 n.
546 2259 613 2285 9²9·

340 2293 398 2329 (t)
421 2291 453 2321 In
481 2301 502 2321 1.
530 2292 596 2320 Fen.
616 2289 767 2319 Avicennae
784 2297 812 2325 p,
836 2297 901 2323 32<-

338 2334 350 2370 (
365 2345 383 2362 u
397 2333 409 2367 )
435 2330 621 2362 Mechanical
632 2328 749 2366 practice
766 2328 904 2366 osphyfik
923 2338 950 2366 p.
965 2335 1003 2365 28
1013 2338 1036 2366 g,

339 2374 403 2408 (x)
426 2373 515 2403 Oet-on
540 2372 626 2400 anim.
649 2369 683 2399 T.
707 2367 756 2399 ΙΙΙ,
774 2379 800 2406 p.
824 2378 870 2405 91.

341 2414 383 2451 (y
395 2415 408 2447 )
432 2415 452 2443 A
466 2423 483 2441 N
496 2423 514 2442 D
527 2422 541 2441 ε
554 2421 571 2440 R
584 2421 596 2441 s
608 2421 624 2440 0
640 2419 660 2439 N
689 2410 879 2439 Nachrichten
891 2420 945 2439 von
960 2411 1058 2442 lslanal
1070 2420 1097 2451 p.
1122 2414 1194 2443 2121

341 2455 410 2493 (2)
436 2455 544 2492 royage
557 2450 651 2484 νυιιηῑί
664 2450 711 2485 the
734 2451 839 2486 World
860 2459 890 2490 Β.
908 2460 976 2488 ¹²40
