<?xml version="1.0" encoding="UTF-8"?>
<!DOCTYPE html PUBLIC "-//W3C//DTD XHTML 1.0 Transitional//EN"
    "http://www.w3.org/TR/xhtml1/DTD/xhtml1-transitional.dtd">
<html xmlns="http://www.w3.org/1999/xhtml" xml:lang="en" lang="en">
 <head>
  <title>
</title>
<meta http-equiv="Content-Type" content="text/html;charset=utf-8" />
  <meta name='ocr-system' content='tesseract 3.04.00' />
  <meta name='ocr-capabilities' content='ocr_page ocr_carea ocr_par ocr_line ocrx_word'/>
</head>
<body>
  <div class='ocr_page' id='page_1' title='image "./elementaphysiolo01hall_0231.png"; bbox 0 0 2003 2748; ppageno 0'>
   <div class='ocr_carea' id='block_1_1' title="bbox 350 131 1678 211">
    <p class='ocr_par' dir='ltr' id='par_1_1' title="bbox 350 131 1678 211">
     <span class='ocr_line' id='line_1_1' title="bbox 350 131 1678 211; baseline -0.005 -20"><span class='ocrx_word' id='word_1_1' title='bbox 350 146 580 191; x_wconf 50' lang='grc' dir='ltr'>ΒΗΤ.</span> <span class='ocrx_word' id='word_1_2' title='bbox 641 146 705 190; x_wconf 81' lang='lat'>11.</span> <span class='ocrx_word' id='word_1_3' title='bbox 768 144 912 190; x_wconf 77' lang='lat' dir='ltr'>1&#39;rER</span> <span class='ocrx_word' id='word_1_4' title='bbox 971 145 1212 190; x_wconf 67' lang='lat' dir='ltr'>vizuosr</span> <span class='ocrx_word' id='word_1_5' title='bbox 1270 131 1441 211; x_wconf 67' lang='lat' dir='ltr'>sinc.</span> <span class='ocrx_word' id='word_1_6' title='bbox 1600 158 1678 195; x_wconf 78' lang='lat'>205</span> 
     </span>
    </p>
   </div>
   <div class='ocr_carea' id='block_1_2' title="bbox 100 242 1692 770">
    <p class='ocr_par' dir='ltr' id='par_1_2' title="bbox 100 242 1692 770">
     <span class='ocr_line' id='line_1_2' title="bbox 100 242 1680 297; baseline -0.003 -11"><span class='ocrx_word' id='word_1_7' title='bbox 100 244 266 286; x_wconf 79' lang='lat' dir='ltr'>&#39;vularum</span> <span class='ocrx_word' id='word_1_8' title='bbox 293 246 394 285; x_wconf 86' lang='lat' dir='ltr'>dorsa</span> <span class='ocrx_word' id='word_1_9' title='bbox 433 248 528 285; x_wconf 84' lang='lat' dir='ltr'>viam</span> <span class='ocrx_word' id='word_1_10' title='bbox 549 245 613 284; x_wconf 86' lang='lat' dir='ltr'>fibi</span> <span class='ocrx_word' id='word_1_11' title='bbox 641 246 766 290; x_wconf 80' lang='lat' dir='ltr'>saciet,</span> <span class='ocrx_word' id='word_1_12' title='bbox 800 259 929 297; x_wconf 88' lang='lat' dir='ltr'>easque</span> <span class='ocrx_word' id='word_1_13' title='bbox 959 253 1085 285; x_wconf 81' lang='lat' dir='ltr'>contra</span> <span class='ocrx_word' id='word_1_14' title='bbox 1110 247 1261 296; x_wconf 84' lang='lat' dir='ltr'>parietes</span> <span class='ocrx_word' id='word_1_15' title='bbox 1288 255 1462 283; x_wconf 81' lang='lat' dir='ltr'>venarum</span> <span class='ocrx_word' id='word_1_16' title='bbox 1491 242 1680 293; x_wconf 81' lang='lat' dir='ltr'>adprimet,</span> 
     </span>
     <span class='ocr_line' id='line_1_3' title="bbox 101 303 1688 355; baseline -0.003 -10"><span class='ocrx_word' id='word_1_17' title='bbox 101 313 144 345; x_wconf 82' lang='lat' dir='ltr'>ut</span> <span class='ocrx_word' id='word_1_18' title='bbox 177 308 330 345; x_wconf 89' lang='lat' dir='ltr'>omnino</span> <span class='ocrx_word' id='word_1_19' title='bbox 363 306 505 345; x_wconf 88' lang='lat' dir='ltr'>nullum</span> <span class='ocrx_word' id='word_1_20' title='bbox 544 306 629 344; x_wconf 90' lang='lat' dir='ltr'>inde</span> <span class='ocrx_word' id='word_1_21' title='bbox 667 307 892 344; x_wconf 86' lang='lat' dir='ltr'>obstaculum</span> <span class='ocrx_word' id='word_1_22' title='bbox 923 307 1134 355; x_wconf 76' lang='lat' dir='ltr'>experiatur.</span> <span class='ocrx_word' id='word_1_23' title='bbox 1216 304 1377 347; x_wconf 81' lang='lat' dir='ltr'>Contra,</span> <span class='ocrx_word' id='word_1_24' title='bbox 1408 303 1554 353; x_wconf 87' lang='lat' dir='ltr'>quando</span> <span class='ocrx_word' id='word_1_25' title='bbox 1588 304 1688 340; x_wconf 91' lang='lat' dir='ltr'>idem</span> 
     </span>
     <span class='ocr_line' id='line_1_4' title="bbox 102 361 1688 415; baseline -0.003 -12"><span class='ocrx_word' id='word_1_26' title='bbox 102 365 245 415; x_wconf 82' lang='lat' dir='ltr'>sanguis</span> <span class='ocrx_word' id='word_1_27' title='bbox 271 379 290 403; x_wconf 91' lang='lat' dir='ltr'>a</span> <span class='ocrx_word' id='word_1_28' title='bbox 316 367 427 404; x_wconf 88' lang='lat' dir='ltr'>corde</span> <span class='ocrx_word' id='word_1_29' title='bbox 455 365 573 404; x_wconf 85' lang='lat' dir='ltr'>versus</span> <span class='ocrx_word' id='word_1_30' title='bbox 604 373 786 403; x_wconf 83' lang='lat' dir='ltr'>extremos</span> <span class='ocrx_word' id='word_1_31' title='bbox 819 373 914 404; x_wconf 88' lang='lat' dir='ltr'>artus</span> <span class='ocrx_word' id='word_1_32' title='bbox 943 365 1111 414; x_wconf 82' lang='lat' dir='ltr'>pellitur,</span> <span class='ocrx_word' id='word_1_33' title='bbox 1147 364 1300 402; x_wconf 84' lang='lat' dir='ltr'>offendit</span> <span class='ocrx_word' id='word_1_34' title='bbox 1333 364 1369 400; x_wconf 92' lang='lat' dir='ltr'>in</span> <span class='ocrx_word' id='word_1_35' title='bbox 1400 372 1518 412; x_wconf 86' lang='lat' dir='ltr'>aperta</span> <span class='ocrx_word' id='word_1_36' title='bbox 1544 361 1688 400; x_wconf 87' lang='lat' dir='ltr'>smuum</span> 
     </span>
     <span class='ocr_line' id='line_1_5' title="bbox 105 423 1692 474; baseline -0.002 -13"><span class='ocrx_word' id='word_1_37' title='bbox 105 425 372 463; x_wconf 78' lang='lat' dir='ltr'>valvulosorum</span> <span class='ocrx_word' id='word_1_38' title='bbox 406 425 518 466; x_wconf 86' lang='lat' dir='ltr'>ostia,</span> <span class='ocrx_word' id='word_1_39' title='bbox 552 426 663 474; x_wconf 85' lang='lat' dir='ltr'>inque</span> <span class='ocrx_word' id='word_1_40' title='bbox 701 437 740 462; x_wconf 86' lang='lat' dir='ltr'>ea</span> <span class='ocrx_word' id='word_1_41' title='bbox 774 424 889 467; x_wconf 89' lang='lat' dir='ltr'>subit,</span> <span class='ocrx_word' id='word_1_42' title='bbox 924 436 1092 474; x_wconf 79' lang='lat' dir='ltr'>caecoque</span> <span class='ocrx_word' id='word_1_43' title='bbox 1127 423 1198 460; x_wconf 89' lang='lat' dir='ltr'>fine</span> <span class='ocrx_word' id='word_1_44' title='bbox 1231 430 1416 464; x_wconf 84' lang='lat' dir='ltr'>retentus,</span> <span class='ocrx_word' id='word_1_45' title='bbox 1451 423 1486 459; x_wconf 88' lang='lat'>&amp;</span> <span class='ocrx_word' id='word_1_46' title='bbox 1517 424 1692 471; x_wconf 76' lang='lat' dir='ltr'>parietem</span> 
     </span>
     <span class='ocr_line' id='line_1_6' title="bbox 105 481 1692 532; baseline -0.002 -11"><span class='ocrx_word' id='word_1_47' title='bbox 105 496 205 522; x_wconf 81' lang='lat' dir='ltr'>venae</span> <span class='ocrx_word' id='word_1_48' title='bbox 234 484 434 522; x_wconf 83' lang='lat' dir='ltr'>extrorsum</span> <span class='ocrx_word' id='word_1_49' title='bbox 464 490 594 532; x_wconf 87' lang='lat' dir='ltr'>urget,</span> <span class='ocrx_word' id='word_1_50' title='bbox 629 490 670 521; x_wconf 74' lang='lat' dir='ltr'>ut</span> <span class='ocrx_word' id='word_1_51' title='bbox 697 485 734 520; x_wconf 92' lang='lat' dir='ltr'>in</span> <span class='ocrx_word' id='word_1_52' title='bbox 758 483 900 521; x_wconf 79' lang='lat' dir='ltr'>no‘dum</span> <span class='ocrx_word' id='word_1_53' title='bbox 931 482 1164 525; x_wconf 72' lang='lat' dir='ltr'>intumescat,</span> <span class='ocrx_word' id='word_1_54' title='bbox 1195 483 1230 519; x_wconf 89' lang='lat'>&amp;</span> <span class='ocrx_word' id='word_1_55' title='bbox 1256 482 1434 519; x_wconf 79' lang='lat' dir='ltr'>valvulam</span> <span class='ocrx_word' id='word_1_56' title='bbox 1461 481 1578 519; x_wconf 83' lang='lat' dir='ltr'>versus</span> <span class='ocrx_word' id='word_1_57' title='bbox 1607 482 1692 519; x_wconf 86' lang='lat' dir='ltr'>axin</span> 
     </span>
     <span class='ocr_line' id='line_1_7' title="bbox 105 533 1688 591; baseline -0.003 -10"><span class='ocrx_word' id='word_1_58' title='bbox 105 555 205 581; x_wconf 79' lang='lat' dir='ltr'>venae</span> <span class='ocrx_word' id='word_1_59' title='bbox 237 545 337 591; x_wconf 83' lang='lat' dir='ltr'>cogit</span> <span class='ocrx_word' id='word_1_60' title='bbox 365 542 497 580; x_wconf 89' lang='lat' dir='ltr'>tumidi</span> <span class='ocrx_word' id='word_1_61' title='bbox 531 544 570 580; x_wconf 91' lang='lat' dir='ltr'>in</span> <span class='ocrx_word' id='word_1_62' title='bbox 603 542 759 580; x_wconf 82' lang='lat' dir='ltr'>modunl</span> <span class='ocrx_word' id='word_1_63' title='bbox 794 543 863 580; x_wconf 86' lang='lat' dir='ltr'>veli</span> <span class='ocrx_word' id='word_1_64' title='bbox 898 543 1094 591; x_wconf 75' lang='lat' dir='ltr'>explicari,</span> <span class='ocrx_word' id='word_1_65' title='bbox 1134 549 1241 590; x_wconf 82' lang='lat' dir='ltr'>atque</span> <span class='ocrx_word' id='word_1_66' title='bbox 1275 540 1366 577; x_wconf 87' lang='lat' dir='ltr'>adeo</span> <span class='ocrx_word' id='word_1_67' title='bbox 1402 533 1527 578; x_wconf 80' lang='lat' dir='ltr'>lumen</span> <span class='ocrx_word' id='word_1_68' title='bbox 1568 552 1688 584; x_wconf 82' lang='lat' dir='ltr'>venae,</span> 
     </span>
     <span class='ocr_line' id='line_1_8' title="bbox 105 597 1687 652; baseline -0.002 -13"><span class='ocrx_word' id='word_1_69' title='bbox 105 615 212 652; x_wconf 82' lang='lat' dir='ltr'>quam</span> <span class='ocrx_word' id='word_1_70' title='bbox 250 602 319 639; x_wconf 87' lang='lat' dir='ltr'>late</span> <span class='ocrx_word' id='word_1_71' title='bbox 359 601 477 651; x_wconf 88' lang='lat' dir='ltr'>potest</span> <span class='ocrx_word' id='word_1_72' title='bbox 501 629 511 644; x_wconf 91' lang='lat'>,</span> <span class='ocrx_word' id='word_1_73' title='bbox 554 601 754 639; x_wconf 82' lang='lat' dir='ltr'>claudere:</span> <span class='ocrx_word' id='word_1_74' title='bbox 800 597 858 639; x_wconf 56' lang='lat' dir='ltr'>ita&#39;</span> <span class='ocrx_word' id='word_1_75' title='bbox 881 614 919 639; x_wconf 90' lang='lat' dir='ltr'>ea</span> <span class='ocrx_word' id='word_1_76' title='bbox 943 601 1124 650; x_wconf 81' lang='lat' dir='ltr'>sanguinis</span> <span class='ocrx_word' id='word_1_77' title='bbox 1154 600 1247 638; x_wconf 75' lang='lat' dir='ltr'>unda</span> <span class='ocrx_word' id='word_1_78' title='bbox 1291 611 1408 648; x_wconf 89' lang='lat' dir='ltr'>neque</span> <span class='ocrx_word' id='word_1_79' title='bbox 1451 598 1522 647; x_wconf 88' lang='lat' dir='ltr'>ipsa</span> <span class='ocrx_word' id='word_1_80' title='bbox 1555 598 1687 642; x_wconf 79' lang='lat' dir='ltr'>transit,</span> 
     </span>
     <span class='ocr_line' id='line_1_9' title="bbox 104 657 1687 710; baseline -0.002 -12"><span class='ocrx_word' id='word_1_81' title='bbox 104 673 187 699; x_wconf 83' lang='lat' dir='ltr'>nam</span> <span class='ocrx_word' id='word_1_82' title='bbox 222 663 257 697; x_wconf 93' lang='lat' dir='ltr'>in</span> <span class='ocrx_word' id='word_1_83' title='bbox 288 663 364 698; x_wconf 91' lang='lat' dir='ltr'>imo</span> <span class='ocrx_word' id='word_1_84' title='bbox 392 661 508 698; x_wconf 86' lang='lat' dir='ltr'>fundo</span> <span class='ocrx_word' id='word_1_85' title='bbox 529 660 623 699; x_wconf 88' lang='lat' dir='ltr'>finus</span> <span class='ocrx_word' id='word_1_86' title='bbox 651 663 846 705; x_wconf 81' lang='lat' dir='ltr'>retinetur,</span> <span class='ocrx_word' id='word_1_87' title='bbox 885 673 1004 710; x_wconf 90' lang='lat' dir='ltr'>neque</span> <span class='ocrx_word' id='word_1_88' title='bbox 1030 661 1237 710; x_wconf 72' lang='lat' dir='ltr'>proximam</span> <span class='ocrx_word' id='word_1_89' title='bbox 1265 659 1400 696; x_wconf 85' lang='lat' dir='ltr'>undam</span> <span class='ocrx_word' id='word_1_90' title='bbox 1430 657 1510 695; x_wconf 82' lang='lat' dir='ltr'>finit</span> <span class='ocrx_word' id='word_1_91' title='bbox 1533 657 1687 700; x_wconf 74' lang='lat' dir='ltr'>transire,</span> 
     </span>
     <span class='ocr_line' id='line_1_10' title="bbox 101 711 1692 770; baseline -0.003 -12"><span class='ocrx_word' id='word_1_92' title='bbox 101 711 184 770; x_wconf 73' lang='lat' dir='ltr'>-quae</span> <span class='ocrx_word' id='word_1_93' title='bbox 207 721 367 768; x_wconf 81' lang='lat' dir='ltr'>alioquin</span> <span class='ocrx_word' id='word_1_94' title='bbox 404 732 467 769; x_wconf 87' lang='lat' dir='ltr'>per</span> <span class='ocrx_word' id='word_1_95' title='bbox 498 722 581 757; x_wconf 80' lang='lat' dir='ltr'>axin</span> <span class='ocrx_word' id='word_1_96' title='bbox 616 733 715 758; x_wconf 84' lang='lat' dir='ltr'>venae</span> <span class='ocrx_word' id='word_1_97' title='bbox 741 722 834 757; x_wconf 87' lang='lat' dir='ltr'>viam</span> <span class='ocrx_word' id='word_1_98' title='bbox 876 722 1081 762; x_wconf 88' lang='lat' dir='ltr'>inveniret,</span> <span class='ocrx_word' id='word_1_99' title='bbox 1118 731 1227 767; x_wconf 78' lang='lat' dir='ltr'>quam</span> <span class='ocrx_word' id='word_1_100' title='bbox 1253 717 1330 754; x_wconf 86' lang='lat' dir='ltr'>vela</span> <span class='ocrx_word' id='word_1_101' title='bbox 1365 717 1541 754; x_wconf 83' lang='lat' dir='ltr'>valvulosa</span> <span class='ocrx_word' id='word_1_102' title='bbox 1567 730 1584 754; x_wconf 88' lang='lat' dir='ltr'>a</span> <span class='ocrx_word' id='word_1_103' title='bbox 1617 716 1692 754; x_wconf 82' lang='lat' dir='ltr'>san-</span> 
     </span>
    </p>
   </div>
   <div class='ocr_carea' id='block_1_3' title="bbox 105 775 1692 889">
    <p class='ocr_par' dir='ltr' id='par_1_3' title="bbox 105 775 1692 889">
     <span class='ocr_line' id='line_1_11' title="bbox 105 775 1692 829; baseline -0.001 -13"><span class='ocrx_word' id='word_1_104' title='bbox 105 781 218 828; x_wconf 84' lang='lat' dir='ltr'>guine</span> <span class='ocrx_word' id='word_1_105' title='bbox 239 779 367 822; x_wconf 84' lang='lat' dir='ltr'>inflata,</span> <span class='ocrx_word' id='word_1_106' title='bbox 385 792 484 817; x_wconf 90' lang='lat' dir='ltr'>nunc</span> <span class='ocrx_word' id='word_1_107' title='bbox 499 782 669 829; x_wconf 87' lang='lat' dir='ltr'>utrinque</span> <span class='ocrx_word' id='word_1_108' title='bbox 689 782 725 816; x_wconf 91' lang='lat' dir='ltr'>in</span> <span class='ocrx_word' id='word_1_109' title='bbox 742 792 886 817; x_wconf 81' lang='lat' dir='ltr'>caveam</span> <span class='ocrx_word' id='word_1_110' title='bbox 916 779 1084 818; x_wconf 86' lang='lat' dir='ltr'>venosam</span> <span class='ocrx_word' id='word_1_111' title='bbox 1106 779 1361 828; x_wconf 77' lang='lat' dir='ltr'>prominentia,</span> <span class='ocrx_word' id='word_1_112' title='bbox 1381 784 1441 814; x_wconf 84' lang='lat' dir='ltr'>aut</span> <span class='ocrx_word' id='word_1_113' title='bbox 1464 784 1579 814; x_wconf 85' lang='lat' dir='ltr'>totam</span> <span class='ocrx_word' id='word_1_114' title='bbox 1597 775 1692 814; x_wconf 78' lang='lat' dir='ltr'>clau-</span> 
     </span>
     <span class='ocr_line' id='line_1_12' title="bbox 105 838 836 889; baseline 0 -13"><span class='ocrx_word' id='word_1_115' title='bbox 105 838 221 882; x_wconf 85' lang='lat' dir='ltr'>dunt,</span> <span class='ocrx_word' id='word_1_116' title='bbox 248 846 308 877; x_wconf 83' lang='lat' dir='ltr'>aut</span> <span class='ocrx_word' id='word_1_117' title='bbox 327 846 448 877; x_wconf 84' lang='lat' dir='ltr'>tamen</span> <span class='ocrx_word' id='word_1_118' title='bbox 478 839 666 889; x_wconf 86' lang='lat' dir='ltr'>insigniter</span> <span class='ocrx_word' id='word_1_119' title='bbox 696 839 836 876; x_wconf 59' lang='lat' dir='ltr'>arctant.</span> 
     </span>
    </p>
   </div>
   <div class='ocr_carea' id='block_1_4' title="bbox 559 953 1236 1003">
    <p class='ocr_par' dir='ltr' id='par_1_4' title="bbox 559 953 1236 1003">
     <span class='ocr_line' id='line_1_13' title="bbox 559 953 1236 1003; baseline -0.006 -8"><span class='ocrx_word' id='word_1_120' title='bbox 559 960 591 1002; x_wconf 73' lang='lat'>§-</span> <span class='ocrx_word' id='word_1_121' title='bbox 626 955 711 995; x_wconf 91' lang='grc' dir='ltr'><strong>ΙΙΙ.</strong></span> <span class='ocrx_word' id='word_1_122' title='bbox 776 953 922 1003; x_wconf 77' lang='lat' dir='ltr'>Magna</span> <span class='ocrx_word' id='word_1_123' title='bbox 945 966 1067 993; x_wconf 79' lang='lat' dir='ltr'>earum</span> <span class='ocrx_word' id='word_1_124' title='bbox 1091 953 1236 992; x_wconf 76' lang='lat' dir='ltr'>utilitas.</span> 
     </span>
    </p>
   </div>
   <div class='ocr_carea' id='block_1_5' title="bbox 68 1050 1704 2400">
    <p class='ocr_par' dir='ltr' id='par_1_5' title="bbox 107 1050 1701 1692">
     <span class='ocr_line' id='line_1_14' title="bbox 196 1050 1694 1104; baseline -0.002 -12"><span class='ocrx_word' id='word_1_125' title='bbox 196 1054 338 1093; x_wconf 87' lang='lat' dir='ltr'>Mirum</span> <span class='ocrx_word' id='word_1_126' title='bbox 369 1055 438 1098; x_wconf 88' lang='lat' dir='ltr'>est,</span> <span class='ocrx_word' id='word_1_127' title='bbox 471 1053 623 1104; x_wconf 88' lang='lat' dir='ltr'>potuisse</span> <span class='ocrx_word' id='word_1_128' title='bbox 658 1054 749 1092; x_wconf 87' lang='lat' dir='ltr'>adeo</span> <span class='ocrx_word' id='word_1_129' title='bbox 788 1065 923 1103; x_wconf 87' lang='lat' dir='ltr'>nuper,</span> <span class='ocrx_word' id='word_1_130' title='bbox 963 1055 1000 1091; x_wconf 70' lang='grc' dir='ltr'>δε</span> <span class='ocrx_word' id='word_1_131' title='bbox 1030 1054 1179 1103; x_wconf 89' lang='lat' dir='ltr'>quidem</span> <span class='ocrx_word' id='word_1_132' title='bbox 1216 1050 1610 1090; x_wconf 83' lang='lat' dir='ltr'>Iatromatheniaticum</span> <span class='ocrx_word' id='word_1_133' title='bbox 1641 1054 1694 1089; x_wconf 88' lang='lat' dir='ltr'>vi-</span> 
     </span>
     <span class='ocr_line' id='line_1_15' title="bbox 107 1112 1690 1162; baseline -0.004 -9"><span class='ocrx_word' id='word_1_134' title='bbox 107 1127 190 1153; x_wconf 74' lang='lat' dir='ltr'>rum</span> <span class='ocrx_word' id='word_1_135' title='bbox 222 1112 321 1162; x_wconf 81' lang='lat' dir='ltr'>(q),</span> <span class='ocrx_word' id='word_1_136' title='bbox 352 1114 395 1151; x_wconf 84' lang='lat' dir='ltr'>ab</span> <span class='ocrx_word' id='word_1_137' title='bbox 421 1114 488 1151; x_wconf 88' lang='lat' dir='ltr'>hac</span> <span class='ocrx_word' id='word_1_138' title='bbox 518 1114 609 1151; x_wconf 92' lang='lat' dir='ltr'>adeo</span> <span class='ocrx_word' id='word_1_139' title='bbox 634 1113 816 1151; x_wconf 86' lang='lat' dir='ltr'>manifesta</span> <span class='ocrx_word' id='word_1_140' title='bbox 844 1113 1064 1152; x_wconf 87' lang='lat' dir='ltr'>valvularum</span> <span class='ocrx_word' id='word_1_141' title='bbox 1100 1112 1251 1151; x_wconf 83' lang='lat' dir='ltr'>utilitate</span> <span class='ocrx_word' id='word_1_142' title='bbox 1281 1112 1408 1149; x_wconf 89' lang='lat' dir='ltr'>oculos</span> <span class='ocrx_word' id='word_1_143' title='bbox 1439 1113 1487 1148; x_wconf 85' lang='lat' dir='ltr'>ita</span> <span class='ocrx_word' id='word_1_144' title='bbox 1521 1118 1690 1153; x_wconf 88' lang='lat' dir='ltr'>avertere,</span> 
     </span>
     <span class='ocr_line' id='line_1_16' title="bbox 107 1169 1695 1221; baseline -0.003 -10"><span class='ocrx_word' id='word_1_145' title='bbox 107 1179 325 1221; x_wconf 38' lang='lat' dir='ltr'>utrnegaret</span> <span class='ocrx_word' id='word_1_146' title='bbox 352 1172 561 1221; x_wconf 87' lang='lat' dir='ltr'>sanguinem</span> <span class='ocrx_word' id='word_1_147' title='bbox 591 1172 635 1209; x_wconf 88' lang='lat' dir='ltr'>ad</span> <span class='ocrx_word' id='word_1_148' title='bbox 666 1179 782 1221; x_wconf 83' lang='lat' dir='ltr'>partes</span> <span class='ocrx_word' id='word_1_149' title='bbox 821 1179 996 1209; x_wconf 81' lang='lat' dir='ltr'>extremas</span> <span class='ocrx_word' id='word_1_150' title='bbox 1020 1173 1187 1220; x_wconf 83' lang='lat' dir='ltr'>regredi,</span> <span class='ocrx_word' id='word_1_151' title='bbox 1215 1179 1321 1220; x_wconf 88' lang='lat' dir='ltr'>atque</span> <span class='ocrx_word' id='word_1_152' title='bbox 1356 1171 1447 1208; x_wconf 90' lang='lat' dir='ltr'>adeo</span> <span class='ocrx_word' id='word_1_153' title='bbox 1467 1169 1695 1219; x_wconf 82' lang='lat' dir='ltr'>persuadere-</span> 
     </span>
     <span class='ocr_line' id='line_1_17' title="bbox 107 1228 1689 1281; baseline -0.003 -12"><span class='ocrx_word' id='word_1_154' title='bbox 107 1239 189 1279; x_wconf 90' lang='lat' dir='ltr'>tur,</span> <span class='ocrx_word' id='word_1_155' title='bbox 219 1232 262 1268; x_wconf 90' lang='lat' dir='ltr'>ad</span> <span class='ocrx_word' id='word_1_156' title='bbox 288 1231 324 1268; x_wconf 92' lang='lat' dir='ltr'>id</span> <span class='ocrx_word' id='word_1_157' title='bbox 356 1231 525 1269; x_wconf 87' lang='lat' dir='ltr'>vitiosum</span> <span class='ocrx_word' id='word_1_158' title='bbox 549 1233 616 1268; x_wconf 89' lang='lat' dir='ltr'>iter</span> <span class='ocrx_word' id='word_1_159' title='bbox 638 1231 913 1281; x_wconf 87' lang='lat' dir='ltr'>impediendum</span> <span class='ocrx_word' id='word_1_160' title='bbox 936 1231 1078 1269; x_wconf 90' lang='lat' dir='ltr'>nullum</span> <span class='ocrx_word' id='word_1_161' title='bbox 1107 1229 1330 1268; x_wconf 79' lang='lat' dir='ltr'>valvularum</span> <span class='ocrx_word' id='word_1_162' title='bbox 1358 1228 1520 1266; x_wconf 80' lang='lat' dir='ltr'>officium</span> <span class='ocrx_word' id='word_1_163' title='bbox 1546 1229 1689 1277; x_wconf 84' lang='lat' dir='ltr'>requiri.</span> 
     </span>
     <span class='ocr_line' id='line_1_18' title="bbox 108 1275 1696 1341; baseline -0.003 -13"><span class='ocrx_word' id='word_1_164' title='bbox 108 1290 268 1339; x_wconf 86' lang='lat' dir='ltr'>Regredi</span> <span class='ocrx_word' id='word_1_165' title='bbox 292 1292 390 1328; x_wconf 89' lang='lat' dir='ltr'>enim</span> <span class='ocrx_word' id='word_1_166' title='bbox 412 1292 562 1340; x_wconf 90' lang='lat' dir='ltr'>utique,</span> <span class='ocrx_word' id='word_1_167' title='bbox 593 1275 637 1328; x_wconf 44' lang='grc' dir='ltr'>ξι</span> <span class='ocrx_word' id='word_1_168' title='bbox 668 1290 874 1341; x_wconf 85' lang='lat' dir='ltr'>frequenter</span> <span class='ocrx_word' id='word_1_169' title='bbox 903 1289 1129 1332; x_wconf 84' lang='lat' dir='ltr'>admodum,</span> <span class='ocrx_word' id='word_1_170' title='bbox 1162 1291 1341 1326; x_wconf 90' lang='lat' dir='ltr'>continuo</span> <span class='ocrx_word' id='word_1_171' title='bbox 1371 1288 1627 1334; x_wconf 77' lang='lat' dir='ltr'>ostendemu83</span> <span class='ocrx_word' id='word_1_172' title='bbox 1659 1287 1696 1324; x_wconf 85' lang='lat'>&amp;</span> 
     </span>
     <span class='ocr_line' id='line_1_19' title="bbox 108 1346 1694 1400; baseline -0.003 -13"><span class='ocrx_word' id='word_1_173' title='bbox 108 1357 278 1400; x_wconf 79' lang='lat' dir='ltr'>praeterea</span> <span class='ocrx_word' id='word_1_174' title='bbox 296 1349 449 1387; x_wconf 86' lang='lat' dir='ltr'>refl-uxui</span> <span class='ocrx_word' id='word_1_175' title='bbox 480 1348 637 1388; x_wconf 87' lang='lat' dir='ltr'>arteriosi</span> <span class='ocrx_word' id='word_1_176' title='bbox 661 1350 840 1399; x_wconf 80' lang='lat' dir='ltr'>sanguinis</span> <span class='ocrx_word' id='word_1_177' title='bbox 869 1349 1110 1398; x_wconf 85' lang='lat' dir='ltr'>potentiffima</span> <span class='ocrx_word' id='word_1_178' title='bbox 1137 1348 1255 1386; x_wconf 90' lang='lat' dir='ltr'>cordis</span> <span class='ocrx_word' id='word_1_179' title='bbox 1280 1346 1447 1397; x_wconf 79' lang='lat' dir='ltr'>impulsio</span> <span class='ocrx_word' id='word_1_180' title='bbox 1481 1349 1694 1395; x_wconf 90' lang='lat' dir='ltr'>opponitur,</span> 
     </span>
     <span class='ocr_line' id='line_1_20' title="bbox 110 1405 1699 1458; baseline -0.004 -11"><span class='ocrx_word' id='word_1_181' title='bbox 110 1410 246 1447; x_wconf 78' lang='lat' dir='ltr'>venoso</span> <span class='ocrx_word' id='word_1_182' title='bbox 261 1421 346 1446; x_wconf 86' lang='lat' dir='ltr'>vero</span> <span class='ocrx_word' id='word_1_183' title='bbox 358 1409 520 1458; x_wconf 88' lang='lat' dir='ltr'>sanguini</span> <span class='ocrx_word' id='word_1_184' title='bbox 534 1411 699 1447; x_wconf 85' lang='lat' dir='ltr'>atruncis</span> <span class='ocrx_word' id='word_1_185' title='bbox 716 1408 895 1458; x_wconf 85' lang='lat' dir='ltr'>relapsuro</span> <span class='ocrx_word' id='word_1_186' title='bbox 906 1417 1032 1457; x_wconf 86' lang='lat' dir='ltr'>praeter</span> <span class='ocrx_word' id='word_1_187' title='bbox 1047 1408 1202 1446; x_wconf 86' lang='lat' dir='ltr'>valvulas</span> <span class='ocrx_word' id='word_1_188' title='bbox 1224 1407 1313 1444; x_wconf 88' lang='lat' dir='ltr'>nihil</span> <span class='ocrx_word' id='word_1_189' title='bbox 1336 1406 1470 1448; x_wconf 86' lang='lat' dir='ltr'>resistit,</span> <span class='ocrx_word' id='word_1_190' title='bbox 1488 1405 1551 1443; x_wconf 89' lang='lat' dir='ltr'>nisi</span> <span class='ocrx_word' id='word_1_191' title='bbox 1572 1405 1699 1442; x_wconf 88' lang='lat' dir='ltr'>debilis</span> 
     </span>
     <span class='ocr_line' id='line_1_21' title="bbox 110 1465 1695 1517; baseline -0.004 -11"><span class='ocrx_word' id='word_1_192' title='bbox 110 1470 165 1506; x_wconf 82' lang='lat' dir='ltr'>vis</span> <span class='ocrx_word' id='word_1_193' title='bbox 190 1469 413 1516; x_wconf 86' lang='lat' dir='ltr'>sanguinis,a</span> <span class='ocrx_word' id='word_1_194' title='bbox 444 1469 604 1506; x_wconf 87' lang='lat' dir='ltr'>minimis</span> <span class='ocrx_word' id='word_1_195' title='bbox 638 1469 772 1506; x_wconf 86' lang='lat' dir='ltr'>tubulis</span> <span class='ocrx_word' id='word_1_196' title='bbox 798 1480 1044 1517; x_wconf 80' lang='lat' dir='ltr'>venarumque</span> <span class='ocrx_word' id='word_1_197' title='bbox 1072 1468 1265 1516; x_wconf 85' lang='lat' dir='ltr'>gracilibus</span> <span class='ocrx_word' id='word_1_198' title='bbox 1305 1466 1473 1503; x_wconf 85' lang='lat' dir='ltr'>radiculis</span> <span class='ocrx_word' id='word_1_199' title='bbox 1501 1465 1695 1502; x_wconf 87' lang='lat' dir='ltr'>redeuntis.</span> 
     </span>
     <span class='ocr_line' id='line_1_22' title="bbox 111 1523 1701 1569; baseline -0.004 -4"><span class='ocrx_word' id='word_1_200' title='bbox 111 1526 329 1566; x_wconf 87' lang='lat' dir='ltr'>Prudentius</span> <span class='ocrx_word' id='word_1_201' title='bbox 353 1527 462 1569; x_wconf 88' lang='lat' dir='ltr'>olim,</span> <span class='ocrx_word' id='word_1_202' title='bbox 493 1526 519 1563; x_wconf 89' lang='lat' dir='ltr'><strong>fi</strong></span> <span class='ocrx_word' id='word_1_203' title='bbox 544 1527 631 1564; x_wconf 88' lang='lat' dir='ltr'>fides</span> <span class='ocrx_word' id='word_1_204' title='bbox 659 1530 696 1563; x_wconf 91' lang='lat' dir='ltr'>in</span> <span class='ocrx_word' id='word_1_205' title='bbox 718 1526 863 1563; x_wconf 84' lang='lat' dir='ltr'>historia</span> <span class='ocrx_word' id='word_1_206' title='bbox 885 1527 934 1563; x_wconf 87' lang='lat' dir='ltr'>est</span> <span class='ocrx_word' id='word_1_207' title='bbox 951 1554 960 1568; x_wconf 90' lang='lat'>,</span> <span class='ocrx_word' id='word_1_208' title='bbox 991 1526 1169 1563; x_wconf 82' lang='lat' dir='ltr'>intellexit</span> <span class='ocrx_word' id='word_1_209' title='bbox 1199 1525 1234 1562; x_wconf 92' lang='lat' dir='ltr'>P.</span> <span class='ocrx_word' id='word_1_210' title='bbox 1258 1524 1390 1561; x_wconf 77' lang='lat' dir='ltr'>Paulus</span> <span class='ocrx_word' id='word_1_211' title='bbox 1416 1524 1439 1561; x_wconf 90' lang='lat' dir='ltr'>S</span> <span class='ocrx_word' id='word_1_212' title='bbox 1454 1536 1474 1561; x_wconf 83' lang='grc' dir='ltr'>Α</span> <span class='ocrx_word' id='word_1_213' title='bbox 1490 1536 1568 1560; x_wconf 81' lang='lat' dir='ltr'>RPI</span> <span class='ocrx_word' id='word_1_214' title='bbox 1585 1551 1594 1566; x_wconf 86' lang='lat'>,</span> <span class='ocrx_word' id='word_1_215' title='bbox 1624 1523 1701 1559; x_wconf 84' lang='lat' dir='ltr'>san-</span> 
     </span>
     <span class='ocr_line' id='line_1_23' title="bbox 112 1582 1701 1635; baseline -0.003 -13"><span class='ocrx_word' id='word_1_216' title='bbox 112 1587 264 1635; x_wconf 87' lang='lat' dir='ltr'>guinem</span> <span class='ocrx_word' id='word_1_217' title='bbox 290 1597 367 1622; x_wconf 90' lang='lat' dir='ltr'>non</span> <span class='ocrx_word' id='word_1_218' title='bbox 391 1584 490 1634; x_wconf 74' lang='lat' dir='ltr'>posse</span> <span class='ocrx_word' id='word_1_219' title='bbox 509 1597 587 1622; x_wconf 91' lang='lat' dir='ltr'>non</span> <span class='ocrx_word' id='word_1_220' title='bbox 619 1587 657 1622; x_wconf 90' lang='lat' dir='ltr'>in</span> <span class='ocrx_word' id='word_1_221' title='bbox 687 1587 786 1623; x_wconf 83' lang='lat' dir='ltr'>venis</span> <span class='ocrx_word' id='word_1_222' title='bbox 809 1584 853 1622; x_wconf 88' lang='lat' dir='ltr'>ad</span> <span class='ocrx_word' id='word_1_223' title='bbox 873 1593 968 1623; x_wconf 85' lang='lat' dir='ltr'>artus</span> <span class='ocrx_word' id='word_1_224' title='bbox 997 1584 1130 1627; x_wconf 80' lang='lat' dir='ltr'>relabi,</span> <span class='ocrx_word' id='word_1_225' title='bbox 1161 1596 1274 1634; x_wconf 91' lang='lat' dir='ltr'>eaque</span> <span class='ocrx_word' id='word_1_226' title='bbox 1304 1582 1368 1633; x_wconf 90' lang='lat' dir='ltr'>ipsi</span> <span class='ocrx_word' id='word_1_227' title='bbox 1395 1582 1701 1620; x_wconf 75' lang='lat' dir='ltr'>inveniendarum</span> 
     </span>
     <span class='ocr_line' id='line_1_24' title="bbox 112 1643 854 1692; baseline -0.003 -10"><span class='ocrx_word' id='word_1_228' title='bbox 112 1644 336 1682; x_wconf 84' lang='lat' dir='ltr'>valvularuni</span> <span class='ocrx_word' id='word_1_229' title='bbox 366 1645 465 1682; x_wconf 86' lang='lat' dir='ltr'>causa</span> <span class='ocrx_word' id='word_1_230' title='bbox 486 1643 588 1682; x_wconf 85' lang='lat' dir='ltr'>fuiffe</span> <span class='ocrx_word' id='word_1_231' title='bbox 613 1645 744 1682; x_wconf 90' lang='lat' dir='ltr'>dicitur</span> <span class='ocrx_word' id='word_1_232' title='bbox 767 1643 854 1692; x_wconf 84' lang='lat' dir='ltr'>(r).</span> 
     </span>
    </p>

    <p class='ocr_par' dir='ltr' id='par_1_6' title="bbox 68 1695 1704 2344">
     <span class='ocr_line' id='line_1_25' title="bbox 122 1695 1700 1749; baseline -0.003 -8"><span class='ocrx_word' id='word_1_233' title='bbox 122 1695 125 1700; x_wconf 56' lang='grc'><strong>’</strong></span> <span class='ocrx_word' id='word_1_234' title='bbox 174 1703 245 1741; x_wconf 90' lang='lat' dir='ltr'>Sed</span> <span class='ocrx_word' id='word_1_235' title='bbox 263 1704 368 1740; x_wconf 85' lang='lat' dir='ltr'>etiam</span> <span class='ocrx_word' id='word_1_236' title='bbox 392 1705 431 1740; x_wconf 92' lang='lat' dir='ltr'>in</span> <span class='ocrx_word' id='word_1_237' title='bbox 460 1703 708 1742; x_wconf 88' lang='lat' dir='ltr'>musculorum</span> <span class='ocrx_word' id='word_1_238' title='bbox 738 1703 875 1741; x_wconf 72' lang='lat' dir='ltr'>afflone</span> <span class='ocrx_word' id='word_1_239' title='bbox 897 1701 1034 1740; x_wconf 85' lang='lat' dir='ltr'>summa</span> <span class='ocrx_word' id='word_1_240' title='bbox 1055 1701 1277 1741; x_wconf 87' lang='lat' dir='ltr'>valvularum</span> <span class='ocrx_word' id='word_1_241' title='bbox 1302 1701 1434 1740; x_wconf 80' lang='lat' dir='ltr'>utilitas</span> <span class='ocrx_word' id='word_1_242' title='bbox 1454 1700 1523 1743; x_wconf 88' lang='lat' dir='ltr'>est,</span> <span class='ocrx_word' id='word_1_243' title='bbox 1552 1699 1700 1749; x_wconf 72' lang='lat' dir='ltr'>utpies-</span> 
     </span>
     <span class='ocr_line' id='line_1_26' title="bbox 111 1760 1702 1811; baseline -0.004 -10"><span class='ocrx_word' id='word_1_244' title='bbox 111 1762 254 1802; x_wconf 82' lang='lat' dir='ltr'>sionem</span> <span class='ocrx_word' id='word_1_245' title='bbox 281 1775 432 1800; x_wconf 89' lang='lat' dir='ltr'>omnem</span> <span class='ocrx_word' id='word_1_246' title='bbox 453 1762 634 1811; x_wconf 83' lang='lat' dir='ltr'>sanguinis</span> <span class='ocrx_word' id='word_1_247' title='bbox 654 1763 771 1801; x_wconf 86' lang='lat' dir='ltr'>versus</span> <span class='ocrx_word' id='word_1_248' title='bbox 789 1775 853 1799; x_wconf 87' lang='lat' dir='ltr'>cor</span> <span class='ocrx_word' id='word_1_249' title='bbox 878 1762 1129 1799; x_wconf 80' lang='lat' dir='ltr'>determinent.</span> <span class='ocrx_word' id='word_1_250' title='bbox 1194 1761 1314 1799; x_wconf 80' lang='lat' dir='ltr'>Nullae</span> <span class='ocrx_word' id='word_1_251' title='bbox 1336 1760 1361 1797; x_wconf 90' lang='lat' dir='ltr'>si</span> <span class='ocrx_word' id='word_1_252' title='bbox 1383 1761 1525 1802; x_wconf 86' lang='lat' dir='ltr'>forent,</span> <span class='ocrx_word' id='word_1_253' title='bbox 1557 1767 1702 1797; x_wconf 87' lang='lat' dir='ltr'>tumen-</span> 
     </span>
     <span class='ocr_line' id='line_1_27' title="bbox 113 1818 1702 1871; baseline -0.003 -11"><span class='ocrx_word' id='word_1_254' title='bbox 113 1829 168 1860; x_wconf 82' lang='lat' dir='ltr'>tes</span> <span class='ocrx_word' id='word_1_255' title='bbox 193 1823 318 1871; x_wconf 91' lang='lat' dir='ltr'>utique</span> <span class='ocrx_word' id='word_1_256' title='bbox 351 1821 503 1860; x_wconf 87' lang='lat' dir='ltr'>musculi</span> <span class='ocrx_word' id='word_1_257' title='bbox 532 1822 682 1871; x_wconf 88' lang='lat' dir='ltr'>perinde</span> <span class='ocrx_word' id='word_1_258' title='bbox 721 1834 827 1860; x_wconf 86' lang='lat' dir='ltr'>venas</span> <span class='ocrx_word' id='word_1_259' title='bbox 861 1820 1083 1870; x_wconf 81' lang='lat' dir='ltr'>interpositas</span> <span class='ocrx_word' id='word_1_260' title='bbox 1122 1822 1423 1869; x_wconf 88' lang='lat' dir='ltr'>conprimerent,</span> <span class='ocrx_word' id='word_1_261' title='bbox 1458 1821 1492 1856; x_wconf 59' lang='grc' dir='ltr'>ὃς</span> <span class='ocrx_word' id='word_1_262' title='bbox 1519 1827 1594 1856; x_wconf 84' lang='lat' dir='ltr'>tota</span> <span class='ocrx_word' id='word_1_263' title='bbox 1627 1818 1702 1856; x_wconf 82' lang='lat' dir='ltr'>haec</span> 
     </span>
     <span class='ocr_line' id='line_1_28' title="bbox 115 1879 1704 1932; baseline -0.003 -14"><span class='ocrx_word' id='word_1_264' title='bbox 115 1880 243 1932; x_wconf 79' lang='lat' dir='ltr'>pressio</span> <span class='ocrx_word' id='word_1_265' title='bbox 269 1879 382 1930; x_wconf 85' lang='lat' dir='ltr'>poffet</span> <span class='ocrx_word' id='word_1_266' title='bbox 412 1882 450 1919; x_wconf 90' lang='lat' dir='ltr'>in</span> <span class='ocrx_word' id='word_1_267' title='bbox 476 1880 562 1919; x_wconf 85' lang='lat' dir='ltr'>duas</span> <span class='ocrx_word' id='word_1_268' title='bbox 589 1889 705 1930; x_wconf 88' lang='lat' dir='ltr'>partes</span> <span class='ocrx_word' id='word_1_269' title='bbox 735 1881 885 1930; x_wconf 85' lang='lat' dir='ltr'>aequales</span> <span class='ocrx_word' id='word_1_270' title='bbox 911 1882 1042 1917; x_wconf 88' lang='lat' dir='ltr'>mentis</span> <span class='ocrx_word' id='word_1_271' title='bbox 1070 1882 1144 1917; x_wconf 87' lang='lat' dir='ltr'>acie</span> <span class='ocrx_word' id='word_1_272' title='bbox 1174 1880 1295 1917; x_wconf 87' lang='lat' dir='ltr'>dividi.</span> <span class='ocrx_word' id='word_1_273' title='bbox 1375 1879 1477 1916; x_wconf 91' lang='lat' dir='ltr'>Prior</span> <span class='ocrx_word' id='word_1_274' title='bbox 1507 1889 1595 1926; x_wconf 81' lang='lat' dir='ltr'>ergo</span> <span class='ocrx_word' id='word_1_275' title='bbox 1626 1889 1704 1913; x_wconf 88' lang='lat' dir='ltr'>me-</span> 
     </span>
     <span class='ocr_line' id='line_1_29' title="bbox 117 1936 1701 1989; baseline -0.004 -11"><span class='ocrx_word' id='word_1_276' title='bbox 117 1940 228 1978; x_wconf 83' lang='lat' dir='ltr'>dietas</span> <span class='ocrx_word' id='word_1_277' title='bbox 252 1940 464 1988; x_wconf 85' lang='lat' dir='ltr'>sanguinem</span> <span class='ocrx_word' id='word_1_278' title='bbox 498 1939 616 1978; x_wconf 87' lang='lat' dir='ltr'>versus</span> <span class='ocrx_word' id='word_1_279' title='bbox 649 1952 713 1978; x_wconf 86' lang='lat' dir='ltr'>cor</span> <span class='ocrx_word' id='word_1_280' title='bbox 738 1947 883 1989; x_wconf 85' lang='lat' dir='ltr'>urgeret</span> <span class='ocrx_word' id='word_1_281' title='bbox 913 1941 1063 1989; x_wconf 86' lang='lat' dir='ltr'>utique,</span> <span class='ocrx_word' id='word_1_282' title='bbox 1095 1939 1131 1976; x_wconf 91' lang='lat'>&amp;</span> <span class='ocrx_word' id='word_1_283' title='bbox 1163 1939 1331 1976; x_wconf 63' lang='lat' dir='ltr'>haetenus</span> <span class='ocrx_word' id='word_1_284' title='bbox 1365 1937 1544 1986; x_wconf 79' lang='lat' dir='ltr'>sanguinis</span> <span class='ocrx_word' id='word_1_285' title='bbox 1569 1938 1635 1972; x_wconf 88' lang='lat' dir='ltr'>iter</span> <span class='ocrx_word' id='word_1_286' title='bbox 1663 1936 1701 1972; x_wconf 71' lang='lat' dir='ltr'>Sc</span> 
     </span>
     <span class='ocr_line' id='line_1_30' title="bbox 68 1997 1702 2047; baseline -0.004 -11"><span class='ocrx_word' id='word_1_287' title='bbox 68 2044 71 2045; x_wconf 19' lang='lat'><em>⁷</em></span> <span class='ocrx_word' id='word_1_288' title='bbox 116 1998 275 2037; x_wconf 84' lang='lat' dir='ltr'>reditum</span> <span class='ocrx_word' id='word_1_289' title='bbox 300 2001 445 2047; x_wconf 89' lang='lat' dir='ltr'>juvaret.</span> <span class='ocrx_word' id='word_1_290' title='bbox 510 1999 649 2036; x_wconf 83' lang='lat' dir='ltr'>Verum</span> <span class='ocrx_word' id='word_1_291' title='bbox 674 1999 779 2036; x_wconf 73' lang='lat' dir='ltr'>altera</span> <span class='ocrx_word' id='word_1_292' title='bbox 807 1999 978 2035; x_wconf 80' lang='lat' dir='ltr'>medietas</span> <span class='ocrx_word' id='word_1_293' title='bbox 1005 1999 1216 2047; x_wconf 75' lang='lat' dir='ltr'>sanguinein</span> <span class='ocrx_word' id='word_1_294' title='bbox 1246 1997 1364 2034; x_wconf 86' lang='lat' dir='ltr'>versus</span> <span class='ocrx_word' id='word_1_295' title='bbox 1397 2004 1491 2033; x_wconf 87' lang='lat' dir='ltr'>artus</span> <span class='ocrx_word' id='word_1_296' title='bbox 1520 2002 1702 2032; x_wconf 74' lang='lat' dir='ltr'>extremos</span> 
     </span>
     <span class='ocr_line' id='line_1_31' title="bbox 118 2053 1702 2107; baseline -0.004 -10"><span class='ocrx_word' id='word_1_297' title='bbox 118 2057 282 2107; x_wconf 88' lang='lat' dir='ltr'>finesque</span> <span class='ocrx_word' id='word_1_298' title='bbox 308 2069 479 2095; x_wconf 86' lang='lat' dir='ltr'>venarum</span> <span class='ocrx_word' id='word_1_299' title='bbox 500 2064 730 2106; x_wconf 86' lang='lat' dir='ltr'>retroageret,</span> <span class='ocrx_word' id='word_1_300' title='bbox 750 2059 786 2095; x_wconf 61' lang='grc' dir='ltr'>ὃς</span> <span class='ocrx_word' id='word_1_301' title='bbox 816 2059 859 2094; x_wconf 82' lang='lat' dir='ltr'>ab</span> <span class='ocrx_word' id='word_1_302' title='bbox 883 2058 1049 2095; x_wconf 78' lang='lat' dir='ltr'>universo</span> <span class='ocrx_word' id='word_1_303' title='bbox 1077 2058 1239 2105; x_wconf 85' lang='lat' dir='ltr'>corporis</span> <span class='ocrx_word' id='word_1_304' title='bbox 1266 2057 1403 2093; x_wconf 84' lang='lat' dir='ltr'>ambitu</span> <span class='ocrx_word' id='word_1_305' title='bbox 1436 2055 1597 2092; x_wconf 88' lang='lat' dir='ltr'>redituro</span> <span class='ocrx_word' id='word_1_306' title='bbox 1627 2053 1702 2090; x_wconf 82' lang='lat' dir='ltr'>san-</span> 
     </span>
     <span class='ocr_line' id='line_1_32' title="bbox 119 2113 1704 2167; baseline -0.004 -12"><span class='ocrx_word' id='word_1_307' title='bbox 119 2114 224 2167; x_wconf 84' lang='lat' dir='ltr'>guini</span> <span class='ocrx_word' id='word_1_308' title='bbox 251 2116 413 2166; x_wconf 84' lang='lat' dir='ltr'>undique</span> <span class='ocrx_word' id='word_1_309' title='bbox 433 2115 612 2154; x_wconf 88' lang='lat' dir='ltr'>resisteret.</span> <span class='ocrx_word' id='word_1_310' title='bbox 678 2116 834 2154; x_wconf 65' lang='lat' dir='ltr'>Tantun&#39;</span> <span class='ocrx_word' id='word_1_311' title='bbox 869 2129 958 2164; x_wconf 82' lang='lat' dir='ltr'>ergo</span> <span class='ocrx_word' id='word_1_312' title='bbox 976 2129 993 2152; x_wconf 83' lang='lat' dir='ltr'>a</span> <span class='ocrx_word' id='word_1_313' title='bbox 1019 2117 1265 2154; x_wconf 89' lang='lat' dir='ltr'>musculorum</span> <span class='ocrx_word' id='word_1_314' title='bbox 1290 2122 1434 2152; x_wconf 89' lang='lat' dir='ltr'>tumore</span> <span class='ocrx_word' id='word_1_315' title='bbox 1463 2113 1704 2163; x_wconf 79' lang='lat' dir='ltr'>impedimen-</span> 
     </span>
     <span class='ocr_line' id='line_1_33' title="bbox 120 2172 1703 2224; baseline -0.004 -10"><span class='ocrx_word' id='word_1_316' title='bbox 120 2178 149 2214; x_wconf 89' lang='lat' dir='ltr'>ti</span> <span class='ocrx_word' id='word_1_317' title='bbox 167 2178 205 2213; x_wconf 88' lang='lat' dir='ltr'>in</span> <span class='ocrx_word' id='word_1_318' title='bbox 228 2175 406 2224; x_wconf 81' lang='lat' dir='ltr'>sanguinis</span> <span class='ocrx_word' id='word_1_319' title='bbox 433 2177 585 2214; x_wconf 85' lang='lat' dir='ltr'>circuitu</span> <span class='ocrx_word' id='word_1_320' title='bbox 618 2176 837 2218; x_wconf 81' lang='lat' dir='ltr'>nasceretur,</span> <span class='ocrx_word' id='word_1_321' title='bbox 867 2185 1044 2224; x_wconf 79' lang='lat' dir='ltr'>qnantum</span> <span class='ocrx_word' id='word_1_322' title='bbox 1069 2175 1254 2211; x_wconf 81' lang='lat' dir='ltr'>accederet</span> <span class='ocrx_word' id='word_1_323' title='bbox 1284 2174 1534 2212; x_wconf 85' lang='lat' dir='ltr'>emolumenti.</span> <span class='ocrx_word' id='word_1_324' title='bbox 1592 2172 1703 2210; x_wconf 85' lang='lat' dir='ltr'>Nulla</span> 
     </span>
     <span class='ocr_line' id='line_1_34' title="bbox 122 2229 1701 2285; baseline -0.003 -13"><span class='ocrx_word' id='word_1_325' title='bbox 122 2229 222 2272; x_wconf 84' lang='lat' dir='ltr'>enim</span> <span class='ocrx_word' id='word_1_326' title='bbox 248 2237 339 2272; x_wconf 86' lang='lat' dir='ltr'>ratio</span> <span class='ocrx_word' id='word_1_327' title='bbox 363 2234 537 2284; x_wconf 84' lang='lat' dir='ltr'>adsignari</span> <span class='ocrx_word' id='word_1_328' title='bbox 559 2236 697 2285; x_wconf 87' lang='lat' dir='ltr'>potest,</span> <span class='ocrx_word' id='word_1_329' title='bbox 726 2247 834 2285; x_wconf 78' lang='lat' dir='ltr'>quare</span> <span class='ocrx_word' id='word_1_330' title='bbox 862 2247 880 2271; x_wconf 89' lang='lat' dir='ltr'>a</span> <span class='ocrx_word' id='word_1_331' title='bbox 901 2234 1066 2272; x_wconf 88' lang='lat' dir='ltr'>musculis</span> <span class='ocrx_word' id='word_1_332' title='bbox 1096 2246 1172 2271; x_wconf 92' lang='lat' dir='ltr'>non</span> <span class='ocrx_word' id='word_1_333' title='bbox 1193 2233 1342 2283; x_wconf 88' lang='lat' dir='ltr'>perinde</span> <span class='ocrx_word' id='word_1_334' title='bbox 1367 2232 1486 2271; x_wconf 85' lang='lat' dir='ltr'>versus</span> <span class='ocrx_word' id='word_1_335' title='bbox 1513 2239 1629 2273; x_wconf 81' lang='lat' dir='ltr'>artus,</span> <span class='ocrx_word' id='word_1_336' title='bbox 1661 2243 1701 2272; x_wconf 87' lang='lat' dir='ltr'>ac</span> 
     </span>
     <span class='ocr_line' id='line_1_35' title="bbox 122 2290 1704 2344; baseline -0.004 -11"><span class='ocrx_word' id='word_1_337' title='bbox 122 2294 241 2333; x_wconf 77' lang='lat' dir='ltr'>versus</span> <span class='ocrx_word' id='word_1_338' title='bbox 272 2306 359 2338; x_wconf 88' lang='lat' dir='ltr'>cor,</span> <span class='ocrx_word' id='word_1_339' title='bbox 395 2294 535 2344; x_wconf 82' lang='lat' dir='ltr'>sanguis</span> <span class='ocrx_word' id='word_1_340' title='bbox 561 2294 715 2334; x_wconf 86' lang='lat' dir='ltr'>venosus</span> <span class='ocrx_word' id='word_1_341' title='bbox 749 2301 947 2343; x_wconf 87' lang='lat' dir='ltr'>urgeretur.</span> <span class='ocrx_word' id='word_1_342' title='bbox 1026 2292 1158 2338; x_wconf 89' lang='lat' dir='ltr'>Nunc,</span> <span class='ocrx_word' id='word_1_343' title='bbox 1193 2293 1384 2344; x_wconf 89' lang='lat' dir='ltr'>postquam</span> <span class='ocrx_word' id='word_1_344' title='bbox 1428 2291 1576 2330; x_wconf 80' lang='lat' dir='ltr'>valvulae</span> <span class='ocrx_word' id='word_1_345' title='bbox 1609 2290 1704 2335; x_wconf 70' lang='lat' dir='ltr'>fattae</span> 
     </span>
    </p>

    <p class='ocr_par' dir='ltr' id='par_1_7' title="bbox 1610 2349 1702 2400">
     <span class='ocr_line' id='line_1_36' title="bbox 1610 2349 1702 2400; baseline -0.011 -13"><span class='ocrx_word' id='word_1_346' title='bbox 1610 2349 1702 2400; x_wconf 69' lang='lat' dir='ltr'>sunt¹</span> 
     </span>
    </p>
   </div>
   <div class='ocr_carea' id='block_1_6' title="bbox 165 2424 1706 2507">
    <p class='ocr_par' dir='ltr' id='par_1_8' title="bbox 165 2424 1706 2507">
     <span class='ocr_line' id='line_1_37' title="bbox 165 2424 1224 2464; baseline -0.004 -8"><span class='ocrx_word' id='word_1_347' title='bbox 165 2424 234 2464; x_wconf 82' lang='lat' dir='ltr'>(q)</span> <span class='ocrx_word' id='word_1_348' title='bbox 259 2426 353 2463; x_wconf 80' lang='lat' dir='ltr'>Georg.</span> <span class='ocrx_word' id='word_1_349' title='bbox 375 2426 517 2457; x_wconf 83' lang='lat' dir='ltr'>Ebrhard.</span> <span class='ocrx_word' id='word_1_350' title='bbox 547 2425 575 2457; x_wconf 82' lang='lat' dir='ltr'>H</span> <span class='ocrx_word' id='word_1_351' title='bbox 589 2436 608 2456; x_wconf 82' lang='lat' dir='ltr'>A</span> <span class='ocrx_word' id='word_1_352' title='bbox 621 2437 644 2456; x_wconf 80' lang='lat' dir='ltr'>M</span> <span class='ocrx_word' id='word_1_353' title='bbox 657 2438 672 2456; x_wconf 73' lang='lat' dir='ltr'>n</span> <span class='ocrx_word' id='word_1_354' title='bbox 686 2436 701 2457; x_wconf 73' lang='lat' dir='ltr'>s</span> <span class='ocrx_word' id='word_1_355' title='bbox 715 2436 731 2456; x_wconf 69' lang='lat' dir='ltr'>n</span> <span class='ocrx_word' id='word_1_356' title='bbox 746 2437 765 2457; x_wconf 76' lang='grc' dir='ltr'>ο</span> <span class='ocrx_word' id='word_1_357' title='bbox 777 2435 821 2456; x_wconf 62' lang='lat' dir='ltr'>iziz</span> <span class='ocrx_word' id='word_1_358' title='bbox 845 2424 980 2464; x_wconf 54' lang='lat' dir='ltr'>phyfiolog</span> <span class='ocrx_word' id='word_1_359' title='bbox 1007 2425 1108 2455; x_wconf 80' lang='lat' dir='ltr'>medic.</span> <span class='ocrx_word' id='word_1_360' title='bbox 1130 2433 1157 2462; x_wconf 89' lang='lat' dir='ltr'>p.</span> <span class='ocrx_word' id='word_1_361' title='bbox 1174 2429 1224 2462; x_wconf 60' lang='lat'>84.</span> 
     </span>
     <span class='ocr_line' id='line_1_38' title="bbox 166 2460 1706 2507; baseline -0.003 -11"><span class='ocrx_word' id='word_1_362' title='bbox 166 2464 527 2507; x_wconf 67' lang='lat' dir='ltr'>(r)CnAssi.=ToN</span> <span class='ocrx_word' id='word_1_363' title='bbox 552 2469 629 2498; x_wconf 72' lang='lat' dir='ltr'>three</span> <span class='ocrx_word' id='word_1_364' title='bbox 646 2467 768 2500; x_wconf 64' lang='lat' dir='ltr'>leffiures.</span> <span class='ocrx_word' id='word_1_365' title='bbox 791 2477 819 2507; x_wconf 81' lang='lat' dir='ltr'>p.</span> <span class='ocrx_word' id='word_1_366' title='bbox 843 2477 888 2506; x_wconf 81' lang='lat'>¹9·</span> <span class='ocrx_word' id='word_1_367' title='bbox 914 2476 950 2501; x_wconf 78' lang='lat' dir='ltr'>ex</span> <span class='ocrx_word' id='word_1_368' title='bbox 965 2467 1023 2498; x_wconf 87' lang='lat' dir='ltr'>vita</span> <span class='ocrx_word' id='word_1_369' title='bbox 1051 2466 1080 2496; x_wconf 79' lang='lat' dir='ltr'>F.</span> <span class='ocrx_word' id='word_1_370' title='bbox 1104 2465 1247 2496; x_wconf 74' lang='grc' dir='ltr'>ΡΛυιι</span> <span class='ocrx_word' id='word_1_371' title='bbox 1268 2472 1285 2497; x_wconf 79' lang='lat' dir='ltr'>a</span> <span class='ocrx_word' id='word_1_372' title='bbox 1308 2462 1570 2496; x_wconf 64' lang='lat' dir='ltr'>Fui-exurio</span> <span class='ocrx_word' id='word_1_373' title='bbox 1594 2460 1706 2500; x_wconf 64' lang='lat' dir='ltr'>stripta.</span> 
     </span>
    </p>
   </div>
   <div class='ocr_carea' id='block_1_7' title="bbox 988 2509 1329 2560">
    <p class='ocr_par' dir='ltr' id='par_1_9' title="bbox 988 2509 1329 2560">
     <span class='ocr_line' id='line_1_39' title="bbox 988 2509 1329 2560; baseline -0.003 0"><span class='ocrx_word' id='word_1_374' title='bbox 988 2509 1124 2560; x_wconf 79' lang='lat' dir='ltr'>Cc3</span> <span class='ocrx_word' id='word_1_375' title='bbox 1291 2535 1329 2551; x_wconf 51' lang='grc' dir='ltr'><em>κ</em></span> 
     </span>
    </p>
   </div>
  </div>
 </body>
</html>
