2003 2748
311 163 392 202 186
688 141 690 144 ’
812 148 1091 192 ιῙΒ.ῙῙ.
1157 147 1381 191 VASAt

361 252 454 291 Sunt
471 257 590 289 tamen
610 250 646 287 Sc
671 250 764 287 inter
780 248 1010 299 lymphatica,
1037 249 1072 286 δι
1089 249 1182 285 inter
1199 247 1305 285 lactea
1320 246 1420 289 vasa,
1450 238 1528 284 non'
1541 245 1677 296 pauca}
1702 259 1780 297 quae
1794 236 1895 298 glan]

262 314 267 325 ¹
303 313 395 353 dulis
413 311 494 355 suis,
515 311 644 353 obiter,
664 308 767 347 nullo
779 320 881 347 ramo
901 310 937 346 in
959 320 1082 346 earum
1093 309 1264 346 interiora
1282 307 1379 351 dato,
1398 305 1551 345 salutatis
1561 315 1689 356 praeter
1702 307 1890 347 vehuntur.

557 431 591 472 ἓ.
623 425 810 466 XXIII.
877 423 944 464 An
961 426 1118 474 Lympha
1148 428 1187 464 in
1216 425 1407 465 Glandulas
1434 427 1643 476 effundatur.

377 521 518 561 Verum
540 523 695 560 omnino
717 520 861 559 difficile
887 522 937 559 est
967 521 1141 564 definitu‚
1174 534 1263 560 num
1290 521 1438 572 lympha
1464 523 1693 561 vasculorum
1717 520 1897 559 advehen-

301 585 396 622 tium
419 583 526 620 unice
554 583 592 619 in
617 581 823 619 revehentia
848 581 1000 619 resumta
1029 581 1210 619 transeat?
1244 593 1334 619 num
1360 584 1482 631 potius
1514 584 1553 619 in
1582 583 1716 631 aliquas
1743 580 1898 629 glandu-

302 644 420 681 larum
437 637 567 679 caveas
607 642 705 689 prius
730 640 959 683 effundatur,
994 653 1041 678 ex
1066 641 1198 690 quibus
1238 653 1302 690 per
1341 641 1552 679 revehentes
1587 641 1714 679 duetus
1740 639 1899 677 resorbta

304 709 416 740 exeat.
481 700 663 749 Utrinque
681 701 717 737 δε
737 700 986 742 auctoritatem
1012 701 1165 748 reperias
1179 727 1189 742 ,
1219 700 1255 736 δε
1278 701 1445 742 rationes.
1509 698 1553 737 Et
1568 700 1715 749 quidem
1737 700 1775 736 in
1790 709 1898 739 cavos

304 762 387 799 suos
409 761 532 797 acinos
553 759 741 809 lympham
770 761 896 808 utique
924 757 1064 797 effundi
1087 759 1208 796 statuit
1235 757 1315 795 MA
1329 771 1350 796 1.
1364 770 1486 796 mou
1500 770 1513 795 1
1528 771 1551 796 u
1565 771 1580 795 s
1609 758 1699 806 [t],
1733 759 1769 794 &c
1792 768 1901 805 expe-

305 822 505 858 rimentum
534 819 654 861 addit,
681 826 922 856 atramentum
948 830 1081 867 nempe
1106 817 1281 865 injee'tum
1305 819 1342 855 in
1368 818 1497 856 loculis
1517 809 1695 855 morbosae
1718 815 1899 865 glandula:

302 879 442 929 hepatis
470 876 648 927 stagnaffe.
723 877 834 916 Aliud
866 878 1158 926 experimentum
1197 876 1249 914 Ill.
1281 878 1373 914 olim
1413 876 1587 915 archiater
1617 877 1704 923 [u]
1739 874 1899 919 addidit3

306 945 500 987 argentum
518 949 650 986 nempe
675 938 800 975 vivum
816 939 853 975 in
872 936 1059 986 glandulas
1080 935 1298 985 ⁴conglobati
1319 937 1462 986 generis
1487 935 1652 986 pulsum,
1678 936 1715 972 in
1732 935 1900 971 minimas

302 997 467 1047 »guttulas
491 996 685 1046 dispersum
704 995 817 1034 fuisse.

367 1056 504 1096 Contra
518 1054 573 1097 111.
621 1055 650 1093 Α
665 1067 685 1091 L
696 1068 715 1092 B
730 1068 742 1092 1
758 1067 783 1094 N
798 1067 851 1093 us
864 1083 876 1097 ‚
897 1067 987 1092 nam
1001 1054 1047 1096 M
1061 1066 1118 1092 vr.
1134 1065 1186 1091 115
1199 1066 1229 1092 M
1255 1056 1479 1104 praeterimus
1494 1053 1573 1103 [x]
1592 1083 1602 1097 ‚
1634 1056 1688 1092 uti
1709 1065 1755 1092 ex
1771 1049 1901 1090 scholis

307 1116 382 1164 ejus
394 1122 476 1153 ante
489 1116 635 1163 triginta
650 1126 765 1153 annos
782 1114 1017 1164 frequentatis
1035 1115 1207 1157 memini,
1239 1106 1432 1163 argentum
1455 1116 1580 1152 vivum
1604 1115 1754 1157 minime
1776 1114 1812 1149 in
1829 1112 1903 1161 spa-

302 1172 396 1220 tiola
414 1174 566 1223 aliquae,
545 1173 762 1216 &landulosae
780 1174 920 1216 fabricae
940 1173 1079 1211 effundi
1101 1174 1285 1214 monebat.
1351 1173 1393 1213 In
1417 1186 1455 1213 ea
1476 1175 1574 1211 enim
1592 1185 1720 1216 cavea,
1749 1171 1903 1221 fialiqua

306 1233 429 1281 hujus
437 1233 589 1283 liquoris
619 1234 658 1270 in
680 1231 840 1271 massulas
862 1233 900 1269 &
927 1233 1086 1281 guttulas
1113 1231 1239 1270 effufio
1256 1232 1388 1271 locum
1410 1232 1578 1275 haberet,
1614 1232 1712 1273 nulla
1735 1242 1848 1280 porro
1867 1231 1903 1268 vi

298 1292 477 1331 eredebat
502 1291 669 1329 effeetum
703 1293 766 1333 iri,
796 1292 897 1332 utin
927 1291 1001 1330 vasa
1026 1292 1214 1329 avehentia
1238 1291 1338 1329 idem
1365 1282 1629 1329 resumeretur.
1676 1289 1722 1329 Iu
1754 1288 1904 1340 spatiola

309 1353 429 1395 enim,
463 1363 542 1400 quae
567 1350 688 1388 nauus
711 1349 821 1393 effet,
846 1362 966 1400 porro
992 1351 1113 1389 multo
1143 1351 1280 1388 facilius
1307 1350 1578 1393 effunderetur,
1612 1361 1722 1400 quam
1752 1348 1904 1398 quidem

301 1423 373 1462 vper
400 1410 526 1448 ostiola
557 1411 699 1446 minora
739 1410 905 1447 vasorum
940 1409 1178 1451 inhalantium
1215 1409 1390 1447 resorberi
1427 1410 1554 1458 potest.
1629 1408 1702 1446 Sed
1734 1414 1904 1458 praeterea

309 1470 436 1508 oleum
473 1469 745 1511 terebinthinae,
775 1470 812 1506 &
844 1468 969 1511 sebum
1001 1470 1048 1507 ab
1082 1470 1288 1507 anatomico
1312 1468 1520 1518 inpulsum,
1558 1467 1713 1505 addebat
1753 1468 1790 1504 in
1817 1462 1903 1505 vafis

309 1541 455 1569 manere
472 1557 482 1571 ,
518 1540 637 1577 neque
666 1530 703 1564 in
726 1529 914 1565 cavitatem
938 1528 1096 1577 aliquam
1123 1527 1306 1565 exstillare.
1371 1527 1415 1566 In
1448 1527 1475 1565 B
1490 1539 1583 1565 auu
1599 1539 1625 1564 N
1640 1539 1659 1564 E
1675 1537 1722 1564 M
1765 1527 1906 1575 experi-

308 1595 437 1626 mento
457 1586 613 1633 fluidum
641 1586 829 1629 metallum
860 1587 939 1624 casu
975 1587 1097 1636 aliquo
1122 1599 1168 1624 ex
1191 1589 1305 1636 ruptiS
1334 1587 1480 1625 vasculis
1514 1585 1685 1624 effluxisse
1717 1587 1900 1623 monebat.

310 1646 407 1685 Addi
426 1645 571 1695 poffunt
595 1648 859 1695 experimenta,
893 1646 1032 1685 dudum
1053 1647 1125 1694 [y]
1150 1647 1322 1688 excitata,
1348 1647 1392 1686 >in
1404 1647 1534 1695 quibus
1555 1652 1748 1693 argentum
1763 1646 1902 1688 vivum,

313 1707 350 1743 &
379 1702 632 1743 te-rebinthinae'
662 1705 786 1742 oleum
815 1707 949 1742 arteriis
974 1707 1090 1743 rubris
1115 1704 1325 1755 inpulsum,
1355 1706 1393 1742 in
1415 1705 1489 1742 vasa
1526 1704 1743 1753 lymphatica
1766 1702 1902 1743 transit.

304 1763 484 1802 *Ostendit
516 1766 614 1801 enim
632 1763 692 1801 hie
718 1771 890 1807 eventus,
928 1765 1110 1805 arteriolas
1139 1767 1178 1802 in
1207 1764 1282 1802 vasa
1296 1764 1521 1814 'lymphatica
1541 1764 1756 1801 continuari.
1807 1761 1905 1800 Nam

303 1835 378 1873 xper
404 1823 527 1861 eadem
548 1823 790 1874 hydrostatica
813 1824 1035 1860 theoremata
1058 1825 1199 1872 liquor,
1233 1825 1270 1860 in
1293 1825 1433 1860 arterias
1446 1822 1565 1871 pulsus
1593 1825 1629 1858 in
1646 1820 1812 1859 cellulosa
1832 1821 1905 1870 spa-

312 1884 361 1920 tia
384 1882 603 1920 diffunderet
629 1881 663 1919 se
688 1882 846 1924 facilius,
882 1894 991 1931 quam
1017 1882 1167 1931 quidem
1191 1883 1229 1919 in
1253 1883 1393 1919 minuta
1433 1875 1521 1919 osti’a
1546 1880 1760 1918 venularum
1791 1880 1906 1929 pellu-

306 1941 477 1981 .cidarum
505 1941 752 1979 resumeretur.
895 1934 897 1936 ¹

387 2001 478 2038 Utut
502 2001 576 2038 haee
602 1999 686 2043 sint,
722 2006 817 2038 certa
843 2008 963 2038 tamen
995 2000 1089 2038 succi
1116 2000 1214 2038 laelei
1235 2003 1273 2039 in
1305 2000 1433 2050 thymo
1460 2011 1525 2049 per
1563 1999 1767 2038 cellulosam
1795 1998 1904 2037 telam

312 2060 442 2098 ‘effufio
465 2060 607 2099 videtur
635 2059 798 2101 suadere,
839 2062 965 2109 utique
996 2061 1038 2097 ab
1067 2062 1201 2099 arteriis
1232 2063 1270 2097 iu
1303 2059 1497 2110 spongiosa
1529 2059 1782 2108 glandularum
1814 2071 1904 2106 eon-

312 2120 558 2168 globatarum
557 2119 710 2168 spatiola
731 2126 879 2157 tenuem
905 2119 1087 2168 liquorem
1111 2119 1267 2162 effundi,
1298 2131 1317 2156 a
1333 2118 1479 2168 lympha
1507 2118 1694 2155 manifesto
1711 2117 1901 2160 diversum,

312 2179 391 2216 laeli
384 2191 466 2228 que
488 2180 721 2228 propiorem.
757 2190 867 2237 quem
885 2191 998 2229 porro
1014 2179 1234 2218 resorbentia
1259 2178 1487 2218 vasculorum
1519 2177 1770 2216 revehentium
1786 2176 1903 2214 oscula

1806 2234 1904 2274 resu-

355 2362 430 2400 [t]
453 2364 470 2394 Ῑ-
495 2374 517 2394 C
540 2374 567 2402 Ρ·
588 2374 614 2401 3·
1178 2365 1293 2405 [x]l.
1311 2376 1334 2398 c
1355 2376 1383 2405 p
1404 2375 1431 2404 7.
1453 2363 1748 2404 Trannrelrsmpham,
1769 2360 1901 2402 neque'jn

361 2406 375 2440 [
392 2404 437 2438 u]
460 2405 487 2440 J.
514 2407 661 2437 Conradus
684 2406 706 2437 B
720 2417 738 2437 ι
752 2417 773 2437 υ
787 2415 808 2439 Ν
824 2416 845 2438 N
857 2417 871 2438 ις
883 2417 902 2438 ι
929 2408 963 2440 de
985 2409 1081 2447 gland.
1135 2409 1332 2446 conglobatas
1338 2407 1487 2446 glandulas
1506 2407 1623 2445 deponi.

314 2444 440 2476 (luodem
462 2449 1243 2488 e.2.[91]
1264 2449 1296 2480 L
1315 2449 1443 2480 1128ect
1459 2447 1481 2479 1
1504 2457 1532 2478 n,
1556 2457 1602 2486 3⁰
