2003 2748
420 90 726 135 SECT.IV.
769 91 1007 132 MOTUS
1053 93 1328 134 CORDIS.
1585 113 1666 147 415

59 194 126 232 ,tia
153 193 243 233 offea
268 191 321 241 (f
331 194 356 239 ).
392 190 498 229 Mors
516 190 628 229 subita
657 191 694 228 δε
718 201 782 227 cor
808 189 1061 238 amplissimum
1086 203 1131 227 ex
1154 191 1300 228 valvulis
1320 198 1428 230 aortae
1453 193 1497 230 ad
1519 197 1672 243 parietes

77 254 211 290 arteriae
233 252 367 289 adnatis
395 249 458 297 (g
474 252 500 296 ).
546 249 668 288 Pulsus
688 251 907 296 interceptus
925 277 935 291 ,
978 257 1122 286 artuum
1158 262 1348 298 gangrvna
1367 281 1376 295 ,
1412 252 1532 290 cordis
1553 255 1672 293 moles

77 311 239 352 insolita,
268 322 352 347 cum
377 307 524 346 valvulae
546 307 647 346 offeae
664 315 772 346 aortae
784 308 914 344 ostium
930 319 1006 343 non
1023 308 1231 346 clauderent
1262 312 1277 355 (
1297 310 1320 346 h
1342 311 1367 355 ).
1413 311 1509 349 Cum
1534 313 1670 353 eadem

78 371 203 407 ostiola
232 368 324 406 offea
350 367 489 410 forent,
529 369 565 405 ἀ
583 367 794 416 sanguinem
822 366 1075 415 retrogradum
1107 369 1144 404 in
1165 379 1228 405 cor
1251 368 1502 413 admitterent,
1541 384 1605 410 cor
1626 372 1669 410 fi-

76 429 227 466 nistrum
248 426 500 476 amplissimum
519 425 602 475 (i).
639 426 800 464 Valvulae
829 434 935 462 aortae
956 426 1166 468 contraeae,
1200 434 1239 463 ut
1261 427 1401 475 sanguis
1428 430 1467 466 in
1491 442 1555 467 cor
1575 432 1669 469 redi-

75 495 152 529 ret,
190 486 274 523 hinc
300 485 519 524 ventriculus
546 484 678 524 finister
706 485 836 521 dextro
856 484 1010 533 amplior
1027 485 1047 532 (
1065 486 1088 521 h
1104 485 1134 532 ).
1181 484 1397 535 Hydropico
1421 488 1566 527 valvulae
1590 503 1670 528 aor-

76 549 153 583 ticae
176 546 320 583 calcaria
345 545 490 581 materia
516 543 630 593 plenae
646 571 655 586 ,
693 543 779 580 hinc
812 543 1031 580 ventriculus
1055 543 1188 581 finister
1219 544 1332 594 duplo
1357 547 1534 584 tumidior
1564 548 1616 596 (l
1633 550 1666 597 ),

75 605 105 643 Α
130 605 329 653 potentiori
350 611 517 640 caeterum
531 602 694 640 frictione
709 602 889 650 sanguinis
911 603 1038 639 aortici
1056 603 1108 641 hae
1125 602 1274 642 valvulae
1289 604 1511 655 frequentius
1524 635 1534 650 ,
1560 620 1670 658 quam

79 662 309 712 figmoideae,
354 661 508 700 callis&
538 659 640 698 osseis
671 661 823 711 squamis
845 663 1033 700 variantur.

189 775 220 815 ἓ.
257 768 297 810 Χ
316 770 331 808 Ι
353 769 405 808 Χ.
463 768 637 817 Tempora
662 768 785 816 quihus
817 770 939 808 cordis
963 775 1084 817 partes
1103 772 1141 807 in
1165 776 1261 808 motu
1272 770 1341 820 fibi
1352 772 1551 821 fitcceclzmt.

581 867 606 901 I.
643 869 725 902 Vena
749 865 842 902 Cordi
865 865 1006 912 conmg'ffiz
1021 867 1155 912 pulfimt.

130 969 190 1008 De
210 967 418 1016 temporibus
434 997 443 1011 ‚
482 979 558 1017 quo
580 967 722 1005 diversae
752 967 872 1004 cordis
896 974 1012 1016 partes
1038 974 1172 1016 agunt,
1207 969 1419 1015 proximum
1443 971 1491 1008 est
1509 999 1518 1014 ,
1548 979 1589 1010 ut
1613 972 1666 1011 dia

71 1041 203 1066 camus.
240 1027 283 1066 Et
302 1030 461 1077 primum
480 1039 579 1065 venae
594 1038 687 1064 cavae
708 1026 839 1064 eodem
861 1032 1026 1075 tempore
1039 1055 1049 1068 ,
1078 1039 1152 1076 quo
1171 1027 1397 1075 pulmonales
1419 1042 1536 1072 venae,
1576 1043 1664 1069 con-

72 1089 319 1136 stringuntur,
361 1097 467 1136 atque
495 1084 668 1124 auriculas
689 1085 837 1134 replent.
875 1084 973 1134 Saepe
998 1085 1036 1121 id
1064 1087 1102 1122 in
1137 1085 1271 1123 ultimis
1289 1089 1377 1124 meis
1405 1090 1662 1138 experimentis

71 1147 173 1188 vidi,
206 1153 245 1183 ut
263 1153 384 1183 tamen
405 1147 601 1195 perennior
624 1156 724 1181 venae
746 1156 838 1181 cavae
861 1151 983 1181 motus
1008 1143 1070 1186 fit,
1107 1145 1143 1181 δε
1171 1144 1288 1182 versus
1312 1148 1398 1183 atria
1420 1150 1568 1191 mortis,
1596 1149 1664 1186 rsae-

69 1216 115 1254 pe
131 1205 318 1254 aliquoties
344 1204 595 1247 contrahatur,
630 1203 718 1240 dum
738 1203 1005 1251 pulmonalium
1028 1215 1199 1241 venarum
1215 1204 1305 1241 aelio
1326 1205 1434 1242 semel
1457 1206 1668 1256 respondet:

129 1263 172 1301 Id
193 1273 335 1312 tempus
347 1291 357 1306 ,
379 1275 454 1312 quo
473 1264 511 1299 in
526 1263 610 1300 sano
622 1261 771 1299 homine
789 1273 886 1298 venae
903 1261 1006 1298 cordi
1023 1260 1216 1298 commissae
1234 1263 1532 1313 constringuntur
1547 1294 1556 1308 ,
1587 1267 1664 1313 pri.

69 1334 166 1360 mum
187 1323 358 1360 dicemus,
393 1321 533 1360 Eodem
561 1328 724 1370 tempore
749 1320 913 1358 auriculae
939 1321 975 1359 ὃς
993 1319 1085 1358 finus
1104 1320 1288 1369 replentur
1302 1350 1311 1365 ,
1351 1335 1428 1360 non
1444 1324 1562 1362 subito
1584 1326 1663 1374 qui-

70 1381 154 1419 dem
169 1411 178 1424 ‚
215 1381 276 1419 etfi
287 1382 335 1418 ob
347 1381 564 1418 celeritatem
585 1381 634 1417 ita
649 1380 790 1418 videtur
804 1408 813 1422 ‚
848 1391 975 1417 verum
994 1381 1093 1427 prior
1113 1391 1191 1428 pars
1217 1392 1316 1418 venae
1335 1384 1524 1430 proxima,
1560 1383 1663 1421 dein-

70 1440 116 1479 de
137 1442 351 1478 remotiores
373 1440 537 1478 auriculae
561 1439 657 1476 sedes
674 1467 683 1481 ‚
723 1440 758 1475 Sc
775 1440 942 1476 onmium
964 1438 1098 1476 ultimae
1121 1440 1336 1487 appendices
1359 1441 1543 1490 utriusque
1560 1444 1658 1480 atrii:

68 1501 116 1536 ita
131 1507 250 1537 tamen
264 1528 274 1542 ‚
308 1506 348 1537 ut
362 1506 482 1537 totum
506 1500 636 1536 atrium
661 1498 800 1540 cordis,
836 1505 896 1535 aut
914 1496 1084 1534 dextrum
1099 1524 1108 1539 ,
1147 1504 1207 1534 aut
1233 1497 1409 1537 sinistrum
1426 1528 1435 1542 ,
1472 1502 1563 1537 iutra
1581 1502 1661 1539 uni-

34 1590 37 1593 .
70 1570 156 1596 cum
171 1561 354 1596 minutum
370 1557 567 1596 secundum
580 1557 677 1594 horae
688 1556 886 1605 repleatur,
919 1557 956 1593 in
971 1555 1141 1598 homine,
1165 1558 1223 1593 cui
1236 1557 1448 1596 tardiffimus
1466 1559 1586 1608 pulsus
1597 1560 1657 1597 est.

129 1616 254 1663 Quare
267 1618 420 1656 omnino
432 1616 492 1654 hic
511 1628 661 1653 monere
681 1622 849 1664 oportet,
882 1627 927 1651 ne
944 1614 1069 1664 aliquae
1085 1626 1193 1652 voces
1209 1614 1234 1652 B
1248 1628 1271 1653 o
1288 1628 1307 1652 E
1325 1629 1348 1653 R
1359 1629 1386 1654 Η
1402 1630 1424 1654 A
1437 1630 1459 1654 A
1471 1631 1494 1654 v
1509 1630 1521 1654 1
1538 1631 1549 1654 1
1571 1619 1660 1665 (m)

69 1688 114 1713 eo
144 1675 243 1714 sensu
265 1678 509 1726 recipiantur,
545 1687 655 1724 quem
680 1676 834 1712 omnino
853 1675 1012 1723 primum
1033 1673 1200 1711 offerunt.
1248 1674 1403 1714 Videtur
1431 1678 1484 1714 vir
1517 1676 1660 1717 illustris

70 1731 156 1784 (n)
187 1733 281 1773 aliud
313 1742 455 1784 tempus
478 1735 616 1777 faeere,
647 1746 722 1783 quo
745 1732 839 1771 finus
860 1733 1062 1782 repleatur,
1102 1733 1138 1770 &
1164 1732 1260 1771 aliud
1288 1744 1456 1784 tempus,
1495 1735 1596 1785 quod
1626 1737 1660 1774 ei

68 1795 279 1841 proximum
300 1794 487 1836 succedat,
526 1805 601 1842 quo
622 1792 763 1840 sanguis
791 1794 827 1828 in
844 1791 1037 1829 auriculam
1060 1797 1245 1840 penetret:
1278 1794 1325 1830 ita
1348 1793 1470 1837 fieret,
1497 1801 1537 1832 ut
1562 1807 1581 1831 a
1598 1807 1659 1832 ve-

69 1863 114 1889 na
136 1851 229 1891 finus
248 1882 258 1896 ,
290 1867 309 1892 a
336 1852 414 1891 finu
438 1852 529 1891 auris
544 1881 555 1896 ,
589 1850 632 1889 ab
650 1856 733 1890 aure
756 1851 976 1894 ventriculus
1006 1850 1203 1901 repleretur
1218 1879 1228 1894 ‚
1278 1853 1314 1889 ὃς
1347 1852 1495 1890 vicissim
1525 1852 1658 1892 eodem
1684 1892 1687 1894 ,

1566 1918 1657 1950 tem-

108 1990 186 2069 {g}
208 1991 388 2063 ξέιξξὲςιι
401 2002 444 2062 spe
458 2000 542 2062 11113171
557 2042 576 2061 r>
592 2031 700 2062 Bersin.
719 2031 877 2061 Nachricht
895 2038 980 2069 1740.
1001 2041 1029 2062 n.
1047 2034 1072 2061 6
1093 2030 1205 2061 Similes
1222 2030 1279 2061 fere
1293 2030 1412 2061 historiae
1428 2031 1559 2062 exstant
1552 2042 1580 2062 m
1594 2032 1654 2071 hilf.

66 2073 100 2101 de
179 2074 238 2102 cad.
264 2075 334 2110 Ray.
364 2074 409 2102 des
426 2071 527 2112 scienc.
561 2081 648 2111 17¹3·
671 2082 697 2102 n.
729 2081 754 2110 3.
784 2074 811 2102 δι
842 2072 936 2101 similis
959 2082 1033 2103 mors
1075 2073 1105 2101 in
1140 2071 1208 2108 Eph
1239 2073 1655 2105 Nat.c.‹r.1)ec.1.am.

90 2135 97 2143 .
136 2111 173 2152 bs:
204 2120 272 2149 282.

127 2072 177 2103 Ξ

120 2123 135 2142 ο

107 2153 575 2191 (h)Cowrunl.c..tab
599 2163 646 2188 40.
679 2152 810 2189 f...46

106 2194 410 2232 (ι’)ὃιῑΝΛοΤ.
436 2194 470 2224 Il.
502 2204 528 2232 p.
562 2203 630 2232 4¹³·

107 2234 444 2272 ('k)Dou<;1.A8s
472 2235 543 2265 Phil.
565 2232 722 2273 Transn.
751 2243 817 2271 345

84 2275 470 2354 bJQI)Cnssss1.uzN
494 2276 512 2305 l
543 2286 566 2305 c
593 2285 620 2313 p.
655 2276 720 2306 182.
746 2276 820 2305 Phil.
856 2273 960 2313 Trans:
984 2284 1010 2305 n.
1045 2283 1108 2313 337.
1131 2275 1197 2312 Eph.
1224 2275 1293 2304 Nat.
1315 2276 1373 2304 Cur
1401 2277 1466 2305 Dec.
1493 2275 1506 2306 1
1537 2287 1603 2306 evm.
1631 2275 1653 2306 1.

66 2325 120 2345 ο,
165 2326 184 2344 o

108 2324 291 2393 (ηΞ)ΟοηΕ
323 2357 467 2392 Junxw
494 2357 561 2385 Phil.
596 2354 699 2395 Tranj'.
727 2367 755 2386 n
785 2363 850 2394 338.

107 2396 190 2435 (n)
212 2396 302 2435 Iuliit.
334 2399 376 2428 rei
400 2399 484 2430 Med
509 2408 536 2428 n
557 2397 859 2435 147.155.Recl;ius
882 2397 944 2428 haec
964 2396 1072 2428 exstant
1097 2396 1128 2427 in
1151 2394 1225 2428 Edi't
1243 2395 1292 2426 Vl.
1320 2406 1432 2434 n.159.
