2003 2748
268 157 355 199 ΜΕ
771 143 1097 184 arhart<
1163 141 1338 186 COR.

248 239 351 286 ‘tum
376 244 548 294 producit
567 270 578 283 ‚
612 239 787 291 aequalem
812 239 896 278 facit
925 239 1128 283 celeritati,
1167 253 1238 291 qua
1267 251 1320 279 20
1344 241 1455 292 pedes
1471 270 1480 285 ‚
1520 243 1558 280 in
1584 241 1676 281 linea
1691 243 1879 286 horizonti

268 304 458 356 parallela,
502 305 594 340 intra
623 303 810 338 minutum
839 299 1038 338 fecundum
1068 310 1340 350 percurruntur.
1389 301 1478 340 Vim
1505 314 1593 340 vero
1618 303 1738 341 cordis
1764 317 1883 355 aequa·

268 366 342 403 lem
368 364 500 412 reperit
518 362 635 401 unciis
661 360 788 398 decem
813 372 899 398 cum
923 359 1072 398 dimidia
1088 389 1107 405 ‚¹
1137 362 1230 400 intra
1256 363 1443 401 minutum
1463 362 1661 401 secundum
1677 375 1741 412 per
1763 377 1886 404 unum

268 424 402 474 pedem
428 422 594 460 elevatis:
639 433 803 470 cumque
826 420 985 470 denique
1009 422 1047 458 in
1073 422 1178 459 omni
1198 421 1366 460 machina
1389 422 1470 472 plus
1500 429 1623 461 motus
1645 425 1846 473 requiratur
1865 454 1884 469 ,.

269 495 379 533 quarn
402 482 553 532 quidem
576 481 793 532 producitur
820 480 966 519 effeetus
982 509 992 524 ‚
1028 482 1066 518 in
1085 482 1225 520 ratione
1254 492 1308 527 27
1337 482 1381 520 ad
1404 493 1429 529 4
1446 511 1456 526 ,
1493 490 1603 532 auget
1624 484 1663 521 in
1684 495 1723 521 ea
1740 486 1886 523 ratione

268 545 342 581 vim
367 542 512 585 cordis,
555 542 592 579 ὃς
617 541 790 591 aequalem
816 542 950 591 reperit
971 551 1019 586 71
1051 538 1169 579 unciis
1197 543 1289 580 intra
1319 542 1420 580 idem
1452 544 1640 581 minutum
1679 542 1881 582 secundum

268 602 312 641 ad
336 602 439 652 pedis
466 602 696 640 altitudinem
721 601 876 639 elevatis.
924 600 1062 650 Utique
1088 613 1177 639 vero
1210 601 1315 640 saltus
1347 601 1513 640 HALEs
1530 615 1543 639 1
1562 615 1580 639 Α
1595 615 1620 640 N
1637 615 1659 640 u
1675 616 1689 640 s
1720 616 1799 641 non
1830 604 1885 641 est>

271 673 290 707 3
319 662 455 713 pedum
471 691 481 706 ,
516 661 576 699 fed
601 673 624 708 7
650 674 736 700 cum
754 661 909 699 dimidio
925 689 934 703 ‚
972 661 1008 698 &
1034 673 1081 699 ne
1111 661 1174 698 iste
1195 661 1348 712 quidem
1373 661 1479 700 Ialtus
1502 669 1637 701 naturae
1664 664 1787 713 vigori
1810 662 1887 703 res-

266 722 408 775 ponder
419 735 432 770 37
459 722 546 761 inde
568 735 656 762 vero
677 722 838 761 celeritas
858 722 976 769 major
996 720 1170 771 sequitur„

730 846 763 889 ς.
796 841 843 880 L..
904 841 1067 881 Danielis
1096 840 1125 880 B
1138 854 1158 881 r.
1172 854 1195 880 R
1208 854 1234 880 N
1245 854 1268 881 o
1283 855 1303 881 u
1320 855 1342 881 L
1355 854 1377 880 L
1391 855 1416 881 r.

324 963 403 1013 Ipse
431 964 486 1001 vir
509 962 563 1003 Cl.
596 961 731 1000 Daniel·
750 961 811 1001 Biz
827 973 888 999 RN
903 975 926 1000 0
943 975 967 1001 υ
979 975 999 1000 L
1012 974 1034 1000 L
1049 974 1063 999 1
1080 963 1118 1001 in
1143 962 1308 1014 discipuli
1327 962 1380 1002 sui
1396 961 1557 1002 Danielis
1577 960 1605 1002 P
1617 974 1640 1001 A
1654 963 1696 1002 s's
1708 975 1767 1003 av
1779 964 1889 1002 AN‘RF

267 1024 510 1074 disputatione
544 1022 750 1072 inaugurali
786 1023 802 1069 (
818 1022 864 1069 e)
891 1020 928 1060 H
942 1035 964 1059 A
977 1035 998 1060 L
1011 1034 1032 1060 Ε
1047 1035 1118 1060 811
1151 1024 1409 1073 experimentis
1428 1024 1477 1061 ita
1499 1025 1634 1068 utitur,
1669 1032 1711 1062 ut
1734 1023 1888 1062 effeetus-

264 1084 389 1122 cordis
412 1082 454 1122 fit
472 1084 650 1134 projectio
678 1082 851 1120 sescuncis
878 1084 971 1130 (aut
998 1083 1155 1122 duarum
1178 1085 1302 1134 potius
1324 1084 1548 1131 unciarum)
1574 1083 1622 1122 ad'
1641 1084 1752 1134 pedes
1773 1083 1888 1132 0&0;2

266 1156 352 1183 cum
379 1155 466 1182 vero
493 1145 522 1181 is
547 1143 693 1181 effectus
724 1140 883 1188 4000ies
908 1144 1000 1180 intra
1017 1143 1145 1181 horam
1170 1151 1351 1194 repetatur
1378 1143 1580 1192 (sumendi
1600 1150 1722 1182 autern
1738 1143 1886 1183 fuerant

265 1203 388 1254 pulsus
419 1214 534 1250 4500
564 1203 621 1241 vel
643 1203 793 1249 4800)
826 1203 880 1240 vis
913 1203 1033 1241 cordis
1051 1206 1118 1242 erit
1141 1210 1253 1241 6000
1283 1205 1472 1243 unciarum
1494 1233 1506 1247 ,
1542 1211 1603 1243 aut
1614 1203 1787 1243 librarum
1809 1209 1883 1241 tre-2

265 1271 454 1301 centarum
481 1264 706 1313 septuaginta
741 1264 904 1312 quinque
924 1292 932 1306 ,
970 1275 1035 1312 per
1066 1263 1195 1302 horam
1218 1264 1262 1302 ad
1282 1264 1364 1302 octo
1389 1263 1500 1313 pedes
1521 1264 1747 1302 elevatarum.
1783 1262 1880 1301 Rec-

266 1331 302 1361 te
328 1335 416 1362 vero
445 1323 556 1361 docet
571 1323 639 1361 Vir
661 1323 752 1361 Clar.
783 1324 858 1360 vim
880 1321 1004 1360 cordis
1031 1322 1065 1360 se
1091 1324 1223 1361 habere
1243 1323 1287 1362 ad
1314 1323 1535 1361 celeritatem
1554 1324 1715 1361 mediam
1738 1323 1880 1372 sangui-

266 1385 322 1422 nis
345 1396 410 1434 per
433 1393 573 1422 aortam
592 1382 738 1421 fluentis
755 1411 768 1426 ,
800 1384 855 1421 uti
870 1389 1015 1432 tempus
1039 1385 1150 1422 totius
1166 1383 1287 1433 pulsus
1311 1381 1370 1433 (ρ’
1403 1384 1537 1421 minuti
1559 1383 1705 1434 primi)
1726 1382 1770 1420 ad
1787 1390 1889 1421 tem„

266 1456 335 1494 pus
352 1472 361 1487 ‚
391 1456 466 1494 quo
493 1456 557 1481 cor
580 1442 815 1481 contrahitur.
862 1441 1095 1481 Celeritatem
1112 1456 1199 1482 vero
1223 1443 1306 1481 facit
1318 1440 1496 1491 ejusmodi
1514 1472 1524 1486 ‚
1559 1451 1601 1482 ut
1627 1443 1770 1492 sanguis
1796 1453 1847 1480 22
1865 1445 1875 1463 '

266 1506 305 1540 in
332 1505 477 1542 minuto
506 1503 666 1542 secundo
690 1509 939 1553 percurreret,
978 1502 1003 1540 fi
1024 1510 1130 1542 motu
1154 1503 1282 1543 flueret
1308 1502 1485 1542 uniformi
1519 1502 1605 1552 (f).
1651 1501 1706 1541 Ex
1738 1502 1888 1541 calculo

266 1576 355 1601 vero
380 1563 444 1602 suo
474 1564 589 1602 credit
618 1563 759 1602 ostendi
779 1592 788 1606 ‚
825 1563 901 1601 dari
921 1564 1050 1613 utique
1074 1564 1163 1603 alios
1188 1562 1371 1603 musculos
1394 1593 1403 1607 ‚
1440 1576 1600 1614 quorum
1625 1564 1738 1602 robur
1754 1564 1878 1613 potius

268 1623 389 1661 cordis
414 1626 619 1673 potentiam
639 1624 789 1674 superet.
839 1622 891 1662 Ita
922 1624 1078 1674 aquilam
1099 1655 1108 1669 ,
1145 1638 1224 1676 quae
1247 1631 1326 1663 tota
1350 1626 1497 1674 triginta
1520 1623 1693 1662 librarum
1715 1622 1757 1662 fit
1777 1652 1787 1667 ‚
1824 1624 1881 1660 in-

267 1692 318 1721 tra
338 1683 467 1721 horam
496 1690 589 1731 648.
630 1696 724 1722 000.
759 1684 866 1722 hbras
895 1683 1059 1729 elevare,
1099 1686 1136 1723 ἃ
1167 1687 1206 1723 in
1225 1685 1379 1724 homine
1403 1684 1612 1728 musculos,
1649 1685 1713 1734 qui
1736 1685 1774 1721 in
1799 1695 1886 1733 gra*

267 1743 404 1780 diendo
431 1744 620 1788 laborant,
653 1751 773 1783 totum
795 1756 929 1794 corpus
964 1756 977 1780 1
992 1751 1044 1782 60
1071 1745 1170 1783 libris
1191 1744 1340 1796 aequale'
1354 1747 1446 1783 intra
1464 1745 1592 1783 horam
1610 1744 1655 1782 ad
1685 1755 1798 1790 4000
1816 1754 1888 1793 pe-

268 1803 331 1840 des
350 1803 526 1840 adtollere
547 1812 675 1841 monet
692 1833 701 1847 ‚
737 1817 817 1853 quae
841 1807 894 1841 vis
919 1806 1092 1854 potentiae
1113 1806 1234 1843 cordis
1263 1805 1304 1843 fit
1330 1805 1563 1854 ducentupla.

327 1861 470 1900 Verum
501 1863 563 1899 ista
595 1863 746 1912 quidem
777 1863 967 1900 manifesto
990 1865 1103 1901 nimia
1125 1864 1214 1901 sunt.
1251 1863 1451 1912 Egregium
1476 1870 1571 1900 certe
1598 1862 1781 1901 cursorem
1809 1861 1882 1899 effe>

268 1922 483 1960 crediderim
499 1950 508 1964 ,
548 1924 611 1972 qui
636 1929 802 1959 montem
833 1929 958 1970 quater
984 1922 1082 1960 mille
1108 1923 1219 1972 pedes
1247 1920 1362 1960 altum
1382 1949 1392 1964 ,
1428 1935 1507 1959 non
1523 1924 1561 1958 in
1589 1922 1679 1960 hora
1696 1951 1705 1964 ,
1743 1921 1804 1958 sed
1822 1923 1885 1958 in*

267 1990 319 2020 tra
352 1994 468 2020 unum
495 1982 593 2019 diem
616 1981 887 2024 conscenderit,
921 1994 1004 2020 curn
1024 1981 1096 2031 ipse
1114 1982 1342 2020 altitudinem
1366 1992 1475 2025 3000
1493 1982 1628 2031 pedum
1644 1983 1735 2019 intra
1758 1993 1879 2019 unum

269 2037 365 2079 diem
385 2054 460 2079 non
488 2042 618 2092 absque
639 2042 761 2080 labore
775 2041 954 2092 superari,
988 2043 1111 2080 multis
1138 2043 1328 2081 itineribus
1348 2050 1517 2091 expertus
1540 2041 1614 2079 fini.
1645 2040 1791 2080 Deinde
1813 2053 1879 2079 eo-

268 2115 350 2140 rum
376 2102 623 2140 musculorum
642 2132 651 2146 ‚
691 2104 756 2152 qui
794 2114 926 2151 corpus
961 2102 1164 2142 humanum
1200 2110 1450 2153 promovent,
1486 2102 1607 2141 nullus
1634 2103 1789 2139 omuino
1817 2101 1875 2140 vel

270 2170 425 2211 quatuor
448 2162 548 2200 horis
581 2164 731 2211 integris
753 2170 932 2212 perpetuo
958 2162 1082 2201 officio
1106 2163 1169 2203 suo
1194 2163 1300 2213 fungi
1324 2163 1465 2214 potest,
1501 2163 1632 2212 absque
1650 2162 1788 2200 summa
1813 2161 1879 2199 de-

268 2222 426 2264 bilitate,
457 2223 491 2259 &
508 2222 636 2260 dolore
661 2223 733 2260 fere
753 2223 981 2261 intolerabili.
1018 2223 1060 2261 ld
1083 2225 1367 2263 incommodum
1389 2224 1467 2261 satis
1489 2223 1658 2266 memini,
1693 2234 1752 2259 me
1765 2222 1873 2258 nimis

270 2289 406 2319 certum
423 2281 617 2331 percepiffe
630 2311 640 2326 ,
674 2295 763 2322 cuin
782 2295 827 2320 ne
850 2283 894 2321 ad
914 2284 1014 2322 mille
1037 2285 1185 2338 quidem
1201 2286 1312 2340 pedes
1326 2298 1391 2337 per
1412 2283 1516 2325 scalas
1534 2296 1581 2323 ex
1597 2283 1731 2322 fodinis
1754 2280 1873 2319 Clausa

1724 2341 1875 2386 thai'ieik

309 2445 322 2481 ζ
343 2457 355 2474 c
376 2445 388 2480 δ
413 2448 454 2476 De
477 2448 506 2476 vi
527 2449 617 2478 cordis
634 2448 751 2481 Basilete
774 2446 863 2488 17'43.

308 2486 387 2524 (s)
411 2487 481 2519 ibid.
510 2499 537 2527 p.
561 2496 588 2526 8.
