2003 2748
350 219 406 258 96
795 208 1140 250 'L'IB.II.
1206 208 1436 250 VASA'

348 308 467 358 patrui
490 307 633 356 repetiit
661 305 713 345 111.
738 304 922 344 Archiater
947 305 1173 345 Britannicus
1195 306 1224 357 J.
1252 306 1393 344 Samuel
1418 305 1462 344 de
1482 304 1508 344 B
1522 317 1541 344 E
1558 319 1579 343 R
1595 315 1687 344 cea
1713 308 1790 356 [y]
1818 307 1945 347 noster

352 368 441 405 olim
460 368 597 404 amicus
610 394 619 409 ,
643 372 721 403 tum
744 364 780 404 O
795 377 826 402 L.
850 364 876 403 B
891 378 913 403 ο
926 379 946 403 a
960 373 1007 403 191
1030 378 1049 403 c
1062 378 1085 402 H
1103 378 1113 402 1
1130 378 1150 403 U
1166 379 1180 403 s
1205 362 1272 412 [y'f
1286 369 1308 419 ]
1333 365 1375 403 In
1395 379 1480 423 rene
1495 366 1625 403 factum
1643 367 1692 404 est
1711 380 1729 404 a
1759 367 1945 405 Theodora

350 426 591 463 CRAANE'N
621 424 745 474 [z]‚
781 423 811 473 J.
845 423 958 462 Lun.
981 424 1143 462 A1³1r1>o
1169 424 1259 475 [a]
1287 426 1322 462 ἃ
1342 424 1393 462 Ill.
1424 425 1727 463 Wamnssao
1755 425 1848 474 [h],
1872 428 1950 476 qui,

347 485 446 522 idem
475 485 718 533 parenchyma
735 490 952 533 motumque
976 485 1142 521 tonicum
1169 484 1190 521 S
1203 486 1226 521 'T
1239 496 1260 520 A
1274 496 1299 521 n
1312 496 1357 521 LI
1374 497 1386 521 1
1417 485 1583 522 refutavit
1606 483 1627 534 [
1644 497 1661 521 c
1675 486 1700 532 ].
1738 483 1791 522 Ex
1811 486 1940 535 arteria

347 543 578 581 mesenterica
599 543 759 580 hominis
779 544 817 580 In
846 556 953 580 venas
982 541 1125 581 alterius
1157 543 1305 593 quidem
1329 543 1444 582 lateris
1465 545 1499 580 ἃς
1525 553 1645 593 portas
1666 551 1858 593 argentum
1883 545 1947 587 vim?

346 611 434 641 vum
455 602 646 640 transfudit
663 602 698 640 V
711 615 723 639 1
739 615 757 639 ε
771 614 794 639 u
808 615 822 640 s
838 616 852 639 s
866 615 884 639 Ε
900 615 922 639 N
940 615 952 638 1
967 615 988 639 u
1002 601 1124 652 s[1l]
1141 631 1149 644 ‚
1187 604 1223 639 in
1248 602 1341 639 liene
1362 602 1562 640 Guilelmus
1579 603 1600 640 S
1616 616 1639 639 'r
1654 616 1675 640 u
1689 616 1714 641 K
1727 616 1745 640 E
1761 616 1780 640 1.
1794 615 1812 640 Ε
1826 615 1847 640 Υ
1866 604 1931 651 (e).

345 661 388 699 In
417 662 595 711 pulmone
625 663 662 699 ὃς
692 662 908 699 mesenterio
935 653 1103 710 expertus
1139 661 1188 698 est
1222 661 1257 699 F.
1292 660 1499 699 Borssiss
1518 675 1540 699 R
1575 660 1678 712 [f]
1731 662 1877 712 Ubique
1898 665 1943 699 in*

347 734 502 770 corpore
526 721 688 758 humano
703 750 711 763 ‚
744 722 780 758 ὃς
805 722 843 758 in
862 721 1032 758 omnibus
1051 719 1242 757 visceribus
1267 732 1311 757 ex
1339 721 1479 757 arteriis
1497 722 1533 757 in
1562 720 1697 758 sodales
1721 734 1826 759 venas
1847 723 1941 769 inje=

345 781 419 818 &os
437 781 597 830 liquores
623 779 766 817 transire
793 779 1021 817 confirmavit
1048 778 1215 826 Georgius
1247 779 1342 816 Frid.
1376 778 1403 816 F
1417 791 1438 816 R
1451 791 1474 815 A
1488 792 1510 816 N
1525 792 1543 816 e
1557 792 1579 816 u
1593 792 1608 816 s
1637 778 1697 829 [g
1713 779 1746 829 ].
1791 779 1844 817 Ex
1861 787 1943 818 tota*

345 841 508 889 undique
525 847 622 878 aorta
641 841 678 877 in
696 852 825 877 venam
843 851 966 877 cavam
983 839 1168 877 materiem
1188 850 1368 876 ceraceam
1385 837 1578 887 penetraffe
1596 839 1684 876 vidit
1698 839 1728 875 A
1750 837 1781 876 Κ
1795 851 1814 875 Α
1831 851 1850 876 A
1866 851 1887 876 υ
1899 850 1936 877 w

345 899 371 937 B
383 913 405 937 o
418 912 436 937 r:
453 913 475 937 R
488 912 512 936 H
526 912 548 936 A
563 911 584 935 A
600 911 652 936 vr:
680 898 702 948 [
720 899 743 936 h
758 897 791 948 ]
824 898 1007 937 Columna
1031 898 1203 936 undecim
1227 898 1363 947 pedum
1389 897 1472 935 fecit
1489 926 1497 940 ‚
1531 905 1571 936 ut
1592 911 1681 947 aqua
1702 899 1813 936 totius
1831 898 1943 935 bovis-

347 971 479 1008 corpus
512 959 665 1007 repleret
688 986 697 1000 ‚
738 959 774 995 &a
806 969 851 994 ex
878 960 1012 995 arteriis
1048 970 1112 1006 per
1143 968 1248 994 venas
1282 955 1413 994 rediret
1443 955 1494 1006 [ι’
1510 955 1531 1006 ]
1550 985 1558 999 ,
1595 969 1678 994 cum
1706 959 1803 1006 prius
1833 956 1942 994 Idem.-

345 1019 410 1056 Au
427 1031 446 1055 c
460 1031 484 1054 T
500 1031 522 1055 O
537 1031 558 1054 a
580 1020 639 1055 vix
660 1016 804 1054 translre
825 1016 1005 1066 scripsisset
1025 1017 1039 1064 [
1057 1018 1080 1053 la
1095 1017 1120 1063 ].
1173 1015 1252 1064 Ego
1277 1029 1365 1053 vero
1394 1016 1557 1064 plurimis
1583 1017 1839 1064 experimentis
1861 1016 1945 1053 fere·
1972 1055 1986 1069 ⁸

345 1081 385 1114 in
407 1078 578 1115 omnibus
608 1076 692 1114 valis
718 1077 882 1125 corporis
909 1076 1059 1114 humani
1080 1075 1245 1112 eamdem
1269 1075 1473 1112 facilitatem
1499 1082 1666 1124 expertus
1689 1075 1787 1118 sum,
1822 1076 1946 1112 maxi--

345 1149 445 1174 mam
477 1148 562 1174 vero
591 1138 627 1172 in
653 1147 763 1177 rene,
804 1135 953 1172 cerebro
970 1163 981 1178 ‚
1015 1134 1244 1173 mesen-terio
1262 1163 1271 1178 ,
1303 1134 1489 1184 pulmone.

407 1195 476 1234 Etfi
500 1196 575 1233 haec
599 1195 701 1232 valde
726 1194 908 1232 manifesta
929 1194 1029 1238 sunt,
1063 1193 1264 1232 videndum
1291 1194 1360 1237 est,
1394 1206 1438 1230 an
1467 1194 1559 1231 recte
1587 1196 1764 1236 contraria
1794 1193 1946 1238 sentenss-
1968 1242 1970 1248 .

349 1257 394 1292 tia
419 1255 472 1293 Cl.
503 1256 587 1291 viris
607 1255 749 1291 steterit.
795 1252 837 1290 Et
855 1253 879 1291 Β
893 1265 915 1290 o
929 1265 992 1290 HN
1008 1266 1019 1290 1
1037 1266 1056 1290 u
1071 1266 1085 1290 s
1113 1254 1233 1302 primo
1255 1252 1327 1290 hoc
1353 1254 1543 1291 ratiocinio
1564 1252 1644 1291 usus
1662 1254 1728 1296 est,
1765 1255 1864 1290 venis
1880 1256 1936 1291 in«

348 1315 480 1361 jectum
508 1314 690 1363 liquorem
724 1315 760 1350 in
788 1314 929 1350 arterias
958 1314 1109 1349 minime
1137 1319 1323 1361 penetrare
1347 1314 1364 1359 (
1380 1312 1431 1357 l).
1468 1311 1651 1350 Poffelnus
1680 1314 1856 1350 contraria
1873 1325 1936 1349 exe

348 1376 548 1422 perimenta
577 1373 755 1410 adducere
776 1401 784 1415 ‚
835 1373 940 1409 etiam
970 1383 1151 1421 nuperum
1174 1370 1226 1409 Ill.
1260 1373 1327 1409 vir-i
1350 1366 1589 1418 Christophori
1609 1371 1740 1418 Jrzcoln·
1770 1371 1804 1408 T
1820 1384 1844 1408 R
1861 1384 1881 1409 E
1896 1383 1934 1410 w

349 1435 414 1479 (m
427 1433 443 1478 >
455 1462 464 1476 ,
500 1434 562 1482 qui
581 1441 732 1481 argento
751 1433 835 1469 vivo
858 1433 895 1468 in
920 1431 1066 1469 ductum
1085 1431 1308 1468 thoracicum
1327 1430 1443 1468 infuso
1455 1459 1464 1473 ‚
1487 1430 1630 1479 repletis
1656 1432 1755 1468 venis
1773 1431 1930 1475 cerebri,

349 1494 455 1529 etiam
473 1493 613 1529 arterias
638 1493 705 1541 piae
729 1492 850 1528 matris
874 1490 1003 1539 repleri
1024 1491 1121 1527 vidit.
1158 1488 1201 1527 Et
1223 1502 1315 1539 ego,
1339 1502 1457 1539 neque
1481 1489 1608 1533 semel,
1645 1502 1689 1527 ex
1709 1502 1797 1527 vena
1813 1498 1933 1539 porta„

347 1563 429 1588 rum
451 1563 589 1593 ceram,
626 1562 735 1599 quam
765 1549 883 1588 versus
906 1550 1071 1587 intestina
1093 1549 1318 1598 impuleram,
1354 1549 1428 1586 vidi
1454 1550 1490 1585 in
1518 1550 1659 1586 arterias
1685 1548 1933 1588 mei'entericas

347 1609 512 1648 transiisse
534 1622 541 1646 :
575 1613 612 1646 in
626 1610 826 1659 hepaticam
838 1621 926 1646 vero
941 1608 977 1646 V
990 1621 1001 1645 1
1018 1621 1036 1646 E
1052 1613 1073 1646 u
1086 1622 1100 1646 s
1114 1622 1128 1646 s
1142 1621 1161 1645 E
1175 1621 1199 1645 N
1213 1621 1227 1646 s
1249 1608 1308 1654 [m
1320 1609 1360 1661 †]
1386 1609 1421 1645 δε
1440 1607 1483 1646 G.
1513 1621 1542 1645 v.
1573 1607 1595 1645 S
1606 1621 1643 1645 w
1657 1621 1668 1645 1
1681 1620 1738 1645 ET
1753 1621 1772 1645 E
1785 1620 1809 1645 n
1840 1609 1889 1655 (n
1901 1609 1935 1654 ),Δ

347 1668 489 1706 Verum
509 1671 544 1706 in
560 1669 766 1707 universum
789 1667 927 1706 venosae
954 1668 1163 1715 injectiones
1186 1670 1305 1705 minus
1326 1667 1418 1704 recte
1435 1666 1652 1710 succedunt,
1677 1680 1794 1716 neque
1815 1667 1932 1716 potest

346 1728 497 1776 perinde
512 1718 643 1776 magna
658 1730 691 1765 vi
704 1727 806 1776 fipho
820 1728 951 1775 urgeri.
987 1727 1024 1764 Si
1042 1729 1157 1770 enim,
1181 1734 1222 1764 ut
1242 1728 1280 1763 in
1294 1727 1433 1763 alteriis
1445 1725 1484 1763 fit
1499 1754 1508 1768 ,
1528 1738 1664 1774 magno
1677 1733 1808 1764 trunco
1825 1727 1932 1764 tubu-

346 1787 423 1824 lum
437 1787 620 1830 immiseris,
640 1787 803 1825 resistunt
815 1785 972 1824 valvulae:
998 1785 1022 1823 fi
1041 1788 1078 1824 in
1091 1798 1236 1836 parvam
1247 1797 1374 1824 venam
1387 1785 1545 1835 fiphonis
1558 1785 1717 1823 canalem
1728 1785 1928 1834 illigaveris„

1749 1847 1933 1894 impeturn

384 1902 454 1939 (y)
478 1905 520 1932 De
539 1902 660 1941 trmfitu
676 1900 828 1940 fizngztinis
841 1910 891 1939 per
911 1902 1033 1930 minima
1057 1912 1083 1939 p.
1112 1910 1139 1939 7.

337 1943 341 1968 7
385 1943 468 1980 (γ’)
492 1944 573 1974 Cent.
590 1944 636 1973 lV.
662 1944 711 1981 Ep.
743 1953 783 1980 ¹7·
803 1943 876 1973 Aere
895 1942 992 1972 inflato
1012 1943 1046 1973 in>
1059 1942 1206 1973 coeliacarn
1222 1951 1323 1973 venam
1342 1946 1490 1980 portarum
1513 1941 1540 1972 ἃ
1556 1950 1656 1972 cavam
1671 1939 1800 1979 replevit.

384 1985 450 2021 (z)
476 1988 517 2014 De
537 1985 656 2014 homine.
680 1995 696 2022 p
735 1985 804 2021 685.
1050 2008 1052 2010 .

383 2027 427 2062 (a
444 2027 456 2063 )
481 2024 582 2065 Fla-scic.
604 2023 704 2064 dejsput.
724 2035 754 2063 p.
778 2036 842 2062 129.
1168 2023 1233 2063 (b)
1253 2027 1297 2055 De
1306 2022 1403 2063 secret.
1421 2034 1449 2063 p⁴
1476 2030 1519 2059 ¹8.

383 2068 444 2104 (c)
468 2070 511 2097 De
532 2068 644 2096 acceler.
669 2066 707 2102 ’ἐξ
727 2068 834 2097 rotarat.
853 2063 936 2104 fizng.
957 2075 985 2096 n.
1012 2074 1059 2104 13.
1082 2065 1156 2103 seqq.

382 2109 448 2144 (d)
474 2107 574 2138 Traize'
593 2109 638 2136 des
660 2109 784 2146 liqueurs
802 2118 828 2146 p.
857 2116 919 2144 177.

382 2149 449 2186 (ε)
476 2146 673 2187 Osthesjoleen
700 2159 726 2186 p.
752 2159 798 2186 17·
824 2148 925 2179 Solum
944 2146 1021 2177 hunc
1042 2153 1180 2178 eventum
1197 2148 1305 2187 adopto
1319 2171 1328 2186 ,
1359 2148 1477 2181 minime
1500 2151 1665 2186 recepturus
1687 2146 1790 2181 miram
1812 2146 1870 2185 ejus
1883 2152 1934 2181 vac-T

341 2199 441 2220 narum
462 2190 614 2224 fabricam,
644 2199 697 2227 qua
713 2190 827 2220 arterias
850 2187 951 2219 tubulo
974 2187 1022 2218 suo
1045 2189 1301 2227 comprehendunt.

382 2230 440 2268 (f)
465 2230 566 2261 Truite'
588 2231 619 2258 de
637 2230 822 2266 l'inflammut.
844 2240 871 2267 p.
898 2235 964 2264 2¹5.

382 2272 448 2308 (g)
472 2271 503 2301 ln
522 2278 583 2301 toto
602 2270 700 2300 libello
714 2293 721 2306 ,
754 2272 802 2309 qui
826 2269 986 2300 inscribitur
1006 2270 1179 2311 anastomqfis
1202 2270 1310 2302 reteela,

382 2312 447 2348 (lv)
469 2315 512 2341 De
533 2309 645 2350 perspir.
668 2321 694 2340 n.
717 2320 783 2349 550.
814 2320 879 2349 ιςῐ.

381 2354 441 2387 (i)
466 2350 565 2390 Phiffojl
590 2360 668 2388 exper
691 2361 717 2389 p.
751 2354 796 2389 84.
827 2361 873 2389 91.
902 2354 956 2383 ἃς.

381 2394 446 2430 (k)
470 2393 637 2432 Haemastat„
654 2401 683 2430 p.
714 2402 778 2429 144.

381 2433 448 2469 (l)
470 2433 487 2463 l.
506 2444 529 2463 c.
556 2443 584 2471 p.
605 2444 669 2462 100.

383 2474 456 2511 (m)
479 2477 630 2503 Commerc.
662 2475 755 2503 Noric.
791 2483 878 2514 1739.
906 2475 992 2510 hebd·
1014 2480 1062 2516 36·
1171 2476 1273 2517 (ῖῖιῒ)
1295 2477 1362 2510 Loc.
1392 2480 1442 2511 cic·

383 2514 458 2554 (n)
481 2514 518 2549 T,
545 2515 593 2547 ΠΙ,
632 2519 776 2546 comment.
801 2526 828 2554 p.
857 2518 906 2552 82,
