2003 2748
329 151 516 196 SECT.
550 154 644 195 [Π.
677 124 1458 194 ΕΧΆΚΤΕιιιιεΙΝνΕΝΑς.
1606 161 1682 190 221

103 266 127 292 n
141 266 164 291 o
178 266 192 290 s
206 264 224 289 E
252 253 298 300 (s
310 253 327 299 >
341 279 349 294 ,
389 263 507 301 exque
529 250 593 288 alia
607 249 794 300 hypothesi
806 277 815 292 ,
855 261 933 299 qux
953 249 1077 297 iguem
1094 249 1130 284 iu
1149 247 1260 285 corde
1276 249 1310 284 δι
1328 246 1596 284 rarefastionem
1612 245 1687 283 sun-

104 314 224 361 guinis
238 311 446 354 admiserat,
485 310 548 349 CA
562 324 582 347 u
595 323 618 347 T
632 322 651 346 Ε
665 322 679 346 s
694 321 704 345 1
722 321 743 346 υ
758 322 772 346 s
796 310 873 355 (t)
895 320 977 344 cum
1002 307 1120 344 schola
1138 307 1195 344 sua
1219 307 1345 355 posuit.

166 371 307 409 Reums
333 369 370 408 H
382 383 402 406 A
417 383 438 407 u
454 382 475 407 v
489 381 509 406 E
526 382 538 405 1
552 381 573 405 u
588 382 602 405 s
635 368 653 416 (
671 380 694 403 u
709 369 726 414 )
743 396 752 410 ,
790 367 875 404 duas
896 369 1017 403 uncias
1045 368 1134 414 poni
1157 365 1252 414 posse
1269 394 1278 407 ‚
1316 366 1407 402 recie
1436 363 1465 402 L
1478 376 1500 402 ο
1515 377 1550 402 w
1563 376 1580 400 ε
1597 377 1619 401 ιι
1634 375 1655 401 u
1670 377 1685 402 s

105 428 224 478 (x),
265 432 370 466 etiam
403 429 482 478 plus
509 428 646 465 duabus
680 428 796 464 unciis
822 427 859 462 iu
886 425 949 462 suo
984 427 1234 473 experimento
1268 426 1304 461 in
1334 425 1453 462 cordis
1485 424 1686 461 ventriculo

104 489 212 527 fuiffe.
257 488 409 537 Propius
439 499 524 524 vero
556 486 622 523 He
636 497 655 521 L
669 497 758 522 ver
774 497 786 520 1
803 497 823 520 u
839 497 853 521 s
879 484 967 531 (y)
987 513 996 526 ,
1032 485 1241 533 quindecim
1262 483 1446 520 drachmas
1471 496 1556 520 cum
1581 483 1686 519 dimi-

106 549 162 586 dia
178 577 186 591 ‚
230 548 265 584 &
286 546 491 584 octodecim
524 544 709 582 drachmas
748 543 925 580 Henricus
963 542 1126 579 Alba-tm
1154 543 1250 579 N1e
1267 555 1384 579 OLAI
1420 542 1482 589 (z
1507 544 1524 588 )
1567 542 1687 579 cordis

105 606 307 646 ventriculo
333 605 512 643 contineri
541 604 757 641 docuerunt.
805 602 937 651 Neque
961 602 1064 639 valde
1098 604 1230 639 nimius
1258 602 1325 639 fuit
1356 600 1387 650 J.
1417 599 1579 648 Alphonfi
1603 601 1687 638 Bo-

106 680 130 716 {³
142 678 161 703 E
176 678 196 702 L
209 678 256 702 ιι
286 665 305 712 <
322 676 343 703 a
360 665 379 712 >
406 663 561 701 calculus
576 692 585 706 ,
621 665 683 712 qui
707 662 820 699 tribus
838 663 993 700 omniuo
1018 663 1131 698 unciis
1147 673 1192 697 ex
1217 668 1416 710 computato
1433 661 1596 710 pondere
1614 660 1688 697 san-

104 726 226 774 guinis
249 725 378 771 majori
400 722 520 761 cordis
543 722 732 760 ventriculi
755 723 988 770 capacitatem
1016 721 1201 758 dimetitus
1232 721 1289 757 est.
1343 720 1414 758 Sex
1438 722 1536 757 euim
1566 721 1687 757 uncias

103 786 142 825 in
160 785 255 822 canis
281 782 391 820 corde
410 783 563 820 idoneus
589 782 683 819 testis
704 782 836 830 reperit
857 783 874 828 <
893 780 913 817 h
931 782 956 825 ).

165 844 243 880 Sint
270 854 359 890 ergo
384 842 462 880 duae
487 842 626 884 unciae,
661 853 740 890 quae
765 852 841 877 uno
866 839 969 889 pulsu
994 840 1032 875 in
1058 846 1195 876 aortam
1221 846 1382 876 exeunt:
1421 837 1487 875 ssnt
1507 837 1626 886 pulsus
1650 840 1688 874 iu

105 904 248 940 minuto
269 904 388 951 primo
419 907 493 943 80,
539 907 632 950 quot
650 907 745 937 certe
771 898 862 936 mihi
883 899 986 940 suut,
1027 898 1261 935 mediocriter
1286 898 1441 934 valenti:
1488 895 1689 935 efficientur

100 952 130 1006 '9
140 967 220 997 600
253 962 390 1004 unciae,
423 973 509 1009 quas
538 972 602 997 cor
629 958 775 1007 siugulis
801 959 899 995 horis
917 960 954 995 in
971 964 1107 994 aortam
1128 958 1251 1006 pellit,
1292 958 1328 994 ὃς
1350 969 1429 1006 quse
1452 968 1516 1005 per
1539 958 1687 994 asterio-

104 1020 183 1059 sum
210 1020 357 1070 systema
381 1019 579 1061 diduntur,
617 1019 676 1060 &,
719 1019 811 1056 intra
833 1017 930 1058 diem
945 1009 1150 1054 naturalem
1177 1025 1283 1055 erunt
1309 1026 1458 1062 [4400.
1490 1015 1589 1053 librae
1614 1015 1688 1052 sau-

105 1081 237 1129 gunis,
274 1092 360 1128 quas
389 1091 452 1116 cor
475 1078 652 1116 sinistrum
681 1078 785 1124 ejicit.

167 1138 267 1176 Pone
284 1150 383 1176 nunc
407 1139 479 1175 cibi
506 1139 542 1174 &
564 1145 672 1186 potus
698 1136 789 1175 sumi
811 1137 933 1173 uncias
966 1142 1042 1177 128
1065 1137 1101 1172 in
1120 1145 1173 1181 24
1199 1134 1317 1176 horis,
1351 1135 1455 1184 pauci
1478 1136 1575 1172 enim
1592 1145 1690 1171 mor⁴

106 1198 192 1235 tales
213 1197 269 1234 SA
283 1209 308 1233 N
323 1208 416 1233 cro
430 1208 505 1233 1³11
532 1197 735 1245 appetitum
758 1196 986 1243 adtigerunt:
1021 1207 1144 1232 earum
1162 1196 1348 1232 unciarum
1376 1205 1506 1242 magna
1529 1206 1606 1242 pars
1626 1203 1689 1242 per

107 1263 336 1294 excrementa
359 1257 450 1293 varia
465 1284 475 1298 ,
514 1267 651 1304 perque
676 1253 876 1291 insensilem
897 1253 1205 1303 transpiratioueu]
1228 1254 1309 1290 abit.
1351 1251 1453 1289 Pone
1474 1252 1563 1288 nihil
1585 1253 1688 1289 dece-

107 1316 212 1358 dere,
248 1322 368 1353 totum
399 1315 548 1357 cibum,
586 1315 621 1351 &
657 1313 858 1351 universam
888 1325 1018 1362 aquam
1048 1314 1086 1349 in
1112 1312 1323 1361 sanguinem
1348 1312 1422 1353 ite,
1469 1311 1614 1360 adparet
1640 1318 1691 1347 ta-

105 1387 192 1412 men
214 1374 349 1412 nullam
370 1375 525 1411 omuino
545 1375 757 1423 portionem
783 1373 854 1410 cibi
873 1372 917 1410 ad
937 1373 1149 1421 sanguinem
1166 1371 1232 1409 esse
1245 1400 1254 1414 ,
1286 1372 1322 1409 ὃς
1343 1370 1515 1408 sexcentis
1540 1371 1691 1407 demum

106 1434 233 1471 diebus
257 1440 397 1471 tautum
428 1433 543 1483 chyli,
583 1440 643 1470 aut
665 1432 845 1480 sanguinis
875 1432 989 1474 nasci,
1032 1439 1210 1480 quantum
1240 1443 1308 1480 pro
1332 1431 1443 1467 unico
1467 1430 1524 1467 die
1540 1429 1691 1479 requiri-

107 1501 168 1531 tur
183 1521 192 1535 ‚
230 1500 270 1531 ut
289 1493 392 1530 cordi
417 1504 456 1533 ea
476 1493 580 1540 copia
602 1491 848 1541 suppeditetur
863 1519 873 1533 ‚
909 1502 1020 1540 quam
1047 1492 1085 1527 in
1110 1489 1194 1527 sa-no
1217 1489 1367 1527 homine
1396 1491 1536 1527 emittit.

167 1551 357 1600 Superest,
393 1558 432 1588 ut
451 1552 480 1587 is
498 1542 674 1598 sanguis,
699 1562 810 1599 quem
840 1557 939 1589 aorta
969 1562 988 1586 a
1012 1549 1123 1586 corde
1157 1549 1305 1590 habuit,
1348 1547 1393 1584 ad
1441 1559 1504 1584 cor
1537 1557 1691 1585 reverta-

103 1618 190 1650 tur:
238 1610 329 1647 nihil
362 1616 483 1648 autem
519 1608 583 1646 nifi
618 1621 683 1658 per
708 1621 814 1646 venas
838 1608 882 1647 ad
903 1619 968 1646 cor
994 1609 1117 1644 venire
1149 1608 1286 1657 potest,
1337 1605 1460 1644 nullus
1501 1608 1598 1645 enim
1644 1606 1693 1644 al-

105 1671 215 1710 terius
230 1676 361 1707 naturae
378 1669 506 1706 canalis
526 1668 612 1705 sein
630 1680 693 1706 cor
706 1670 864 1705 inmittit.
920 1666 1071 1705 Necesse
1099 1667 1189 1704 adeo
1222 1667 1294 1708 est,
1320 1678 1399 1703 eam
1425 1666 1605 1714 sanguinis
1631 1677 1694 1702 co-

105 1730 230 1780 piam,
266 1741 344 1778 quae
372 1740 418 1766 ex
443 1727 553 1765 corde
575 1729 671 1770 exit,
716 1729 752 1764 ὃς
776 1728 910 1765 arteriis
940 1728 1132 1775 recipitur,
1169 1728 1208 1762 iu
1236 1738 1344 1763 venas
1370 1725 1536 1768 transire,
1575 1732 1614 1762 ut
1629 1736 1692 1774 per

103 1801 160 1827 eas
189 1788 292 1826 cordi
317 1788 447 1830 reddi,
486 1787 631 1837 ejusque
656 1786 839 1834 casteiluui
863 1787 955 1823 alere
978 1784 1091 1835 poffit.
1139 1784 1224 1823 Hoc
1248 1795 1507 1832 argumentum
1534 1786 1587 1822 uti
1613 1783 1693 1820 fim-

103 1848 189 1900 plex
214 1848 263 1884 est
278 1873 289 1890 ,
323 1849 359 1885 ὃς
381 1846 531 1886 artificio
555 1853 651 1885 caret
666 1874 677 1889 ,
710 1845 827 1885 solum
850 1855 972 1884 tamen
996 1845 1121 1882 debuit
1138 1844 1281 1886 homini
1306 1856 1431 1881 verum
1454 1845 1557 1882 unice
1574 1855 1696 1880 amau-

104 1908 132 1950 εἰ
146 1905 354 1945 satisfecisse.

1546 1964 1578 2007 ς.
1620 1958 1694 1998 IV,

148 2081 162 2118 ζ
184 2092 195 2110 5
216 2082 229 2117 )
255 2081 414 2111 Animadv.
435 2082 467 2110 in
490 2081 598 2111 WAL
613 2092 638 2110 ιε
653 2090 672 2109 υ
688 2090 710 2109 M
733 2089 759 2117 p.
788 2086 836 2118 ες.

149 2124 162 2159 (
180 2129 192 2151 t
214 2124 226 2158 )
250 2124 291 2151 De
308 2123 419 2151 homine
440 2132 469 2160 p.
494 2133 518 2158 5.
542 2122 600 2152 edit
624 2122 641 2152 S
654 2130 671 2150 e
684 2130 706 2150 H
719 2129 742 2151 υ
756 2131 774 2150 ι(
789 2132 814 2151 c.
839 2121 890 2151 Ra
905 2131 923 2150 G
938 2131 947 2150 ι
962 2129 1006 2150 us
1026 2120 1056 2150 in
1082 2119 1141 2151 diff.
1165 2119 1199 2149 de
1220 2118 1347 2148 circulat.
1361 2114 1443 2156 fizng.
1462 2127 1488 2156 p.
1517 2125 1542 2154 3.

148 2164 229 2240 {Z}
251 2163 363 2233 ¹(ihc-IN.
391 2212 418 2240 p.
449 2212 515 2234 112.

147 2245 162 2281 (
177 2255 199 2281 y
218 2246 230 2279 )
254 2242 339 2282 Apud
352 2243 423 2273 ΗΑ
450 2243 497 2273 Νι
511 2253 529 2273 c
540 2254 560 2274 ο
573 2254 589 2273 ι,
603 2254 624 2274 Α
637 2255 646 2273 ι
662 2245 695 2273 de
707 2242 804 2273 ιΐὶνεὶἶ.
819 2241 907 2282 vafhr.
923 2252 952 2280 Ρ·
967 2252 1012 2279 51.
1026 2242 1094 2271 &in
1120 2241 1251 2273 Memoir.
1263 2241 1297 2269 de
1307 2239 1418 2270 fAcud.
1435 2234 1592 2275 desscienc.
1611 2244 1696 2276 1718.

148 2286 229 2362 {53
254 2284 363 2371 {³23⁰}
386 2284 558 2363 gislil'absque
578 2331 656 2356 certo
681 2325 889 2364 experimento¹
919 2323 1068 2354 Consentit
1091 2322 1116 2359 J.
1141 2321 1226 2352 Tm
1240 2331 1289 2351 ou
1311 2322 1410 2352 Exerc.
1436 2330 1464 2360 p.
1491 2329 1559 2358 ¹03·
1586 2327 1622 2350 ex
1644 2318 1700 2350 cal-

109 2366 174 2445 ευὶξ
183 2374 528 2446 ῥὲῗοῗὶιῗιιῄῖωῖναηβῐὶ.
551 2416 580 2437 n.
605 2416 672 2444 19¹·
696 2407 751 2438 Sed
778 2405 878 2438 conset
899 2404 985 2437 fufius
1005 2404 1040 2438 L.
1061 2403 1111 2435 IV.
1138 2404 1171 2432 de
1194 2404 1285 2433 corde.

1122 2446 1289 2492 Ee3
