2003 2748
253 117 338 162 433
769 102 1093 143 1ssan.
1161 103 1341 145 con:

254 209 422 248 voluntas
447 207 484 243 &
528 201 727 242 intelle&us
755 200 790 237 δε
827 201 1004 238 memoria
1049 213 1128 238 mea
1157 202 1307 250 integrae
1338 201 1549 255 supersunt,
1587 201 1758 252 nullaque
1785 201 1867 254 par}

254 270 329 308 mei
355 278 453 305 nunc
477 266 513 301 in
535 276 579 301 eo
599 263 718 310 digito
740 260 811 302 est,
852 271 938 297 cum
963 271 1083 309 neque
1111 262 1239 298 animae
1266 273 1353 298 meae
1372 263 1552 310 incapite
1570 260 1738 300 residenti
1762 265 1867 312 quid..

256 340 367 379 quam
397 322 603 364 decesserit,
639 332 757 370 neque
784 318 910 356 eadem
939 319 1050 357 ullam
1075 321 1243 367 injuriam
1270 322 1468 370 percipiat,
1504 333 1612 370 quam
1630 323 1657 358 is
1672 333 1758 371 pes,
1783 323 1867 361 idve

256 386 445 425 brachium
467 384 609 432 patitur.
639 380 730 419 Non
744 379 859 416 sentio
872 390 943 427 ego
955 378 1054 416 hunc
1075 378 1243 418 resecium
1262 380 1394 429 pedem
1407 409 1417 423 ,
1440 392 1516 418 non
1529 392 1675 423 moveo,
1698 382 1868 420 &tamen
1921 399 1923 401 ·

257 442 439 485 convulfis
462 443 581 479 nervis
604 446 775 478 movetur
800 438 921 481 idem,
956 445 1079 476 motus
1101 439 1193 477 adeo
1213 439 1461 478 musculorum
1483 452 1561 477 non
1586 439 1635 477 est
1656 441 1699 478 ab
1721 442 1863 484 anima,

258 506 323 555 qui
344 515 407 540 eos
440 509 538 539 artus
561 506 703 549 regunt.
751 497 870 544 Quod
895 497 939 534 de
969 497 1045 535 aliis
1078 497 1247 540 musculis
1265 527 1274 542 ,
1313 499 1412 537 idem
1436 498 1480 536 de
1510 499 1621 537 corde
1641 512 1768 538 verum
1793 500 1865 544 est,

257 563 361 614 quod
387 561 538 612 perinde
565 558 747 597 ostensum
770 557 810 594 slt
827 587 836 600 ‚
873 556 991 595 solum
1017 564 1163 596 motum
1191 558 1297 596 suurn
1321 558 1535 596 conservare
1551 587 1561 602 ,
1607 558 1697 597 dum
1720 561 1868 598 interim

257 623 427 663 voluntas
449 650 459 665 ,
500 621 535 658 &
557 619 607 657 sui
633 617 876 660 conscientia,
909 618 947 653 in
970 618 1087 666 capite
1116 617 1271 666 superest
1298 615 1389 667 (i).

317 682 375 720 Ad
401 682 563 730 priorem
589 678 834 726 objectionem
861 676 987 713 eadem
1008 675 1193 726 responsio
1213 676 1316 714 valet.
1352 676 1389 715 Si
1408 678 1505 714 enim
1527 678 1565 714 in
1587 678 1750 717 musculo
1773 707 1782 722 ‚
1821 678 1869 717 de

259 753 416 791 corpore
448 739 607 781 resec³10‚
643 736 766 775 nullus
786 735 902 773 sensus
932 735 1003 778 est,
1051 737 1089 773 &
1116 744 1237 773 tamen
1261 737 1500 774 irritationem
1527 743 1650 774 motus
1682 737 1869 787 sequitur-,‘

259 807 433 852 oportet,
469 800 574 836 aliam
603 804 730 847 praeter
754 797 912 833 animam
934 794 1073 833 causam
1097 794 1188 840 esse,
1223 808 1302 845 quae
1327 795 1509 834 musculos
1536 798 1573 834 in
1598 803 1742 834 motum
1763 798 1871 835 cieatz‘

260 862 297 900 Si
318 874 356 898 ea
371 872 458 898 vero
473 858 572 896 causa
588 859 626 894 in
641 855 789 894 brachio
801 883 810 898 ‚
841 856 877 892 in
892 854 985 904 pede
997 883 1006 898 ,
1034 856 1072 892 in
1084 855 1195 892 corde
1209 855 1274 892 alia
1286 856 1330 892 ab
1346 857 1463 893 anima
1479 855 1538 898 est,
1561 868 1638 893 non
1655 856 1698 893 ab
1714 856 1868 894 animaii

259 928 384 959 motus
401 918 587 956 derivandi
598 917 698 959 sunt,
731 927 824 964 quos
842 916 879 951 in
909 926 1025 963 nuper
1040 922 1189 952 mortuo
1214 915 1367 952 animale
1389 915 1512 964 perfici
1526 915 1699 953 videmus.
1722 915 1871 966 Deinde

259 987 356 1019 totas
382 979 587 1029 provincias
614 974 857 1013 irritabilitatis
888 974 923 1011 &
950 972 1145 1012 senfilitatis
1170 974 1321 1012 diversas
1347 973 1413 1012 effe
1438 974 1580 1013 dudum
1601 974 1841 1025 ostendimus„

589 1090 622 1133 ᾗ.
656 1084 754 1124 XII
770 1084 795 1122 Ι.
862 1081 994 1130 Sufficit
1023 1084 1139 1130 major
1166 1084 1279 1122 cordis
1298 1083 1538 1122 irritabilitasz

320 1200 357 1237 Si
378 1197 470 1236 nihil
494 1198 531 1235 in
554 1203 612 1235 tot
636 1192 896 1246 hypothesibus
916 1192 1011 1230 firmi
1037 1194 1086 1231 est
1103 1222 1115 1237 ‚
1151 1206 1238 1244 quas
1269 1194 1509 1244 expendimus
1527 1223 1537 1238 ‚
1571 1193 1872 1235 desiderabitur}

258 1260 387 1301 nobis,
422 1264 463 1295 ut
491 1257 646 1294 meliora
668 1267 737 1305 pro
765 1254 903 1301 rejectis
934 1250 1173 1302 suppleamus.
1208 1253 1306 1303 Ergo
1324 1255 1412 1291 mihi
1439 1254 1589 1303 quidem
1619 1253 1869 1303 simplicissima

259 1317 363 1356 causa
378 1317 612 1367 perennitatis
628 1317 665 1352 in
682 1323 787 1352 motu
799 1312 920 1350 cordis
938 1311 1004 1350 effe
1021 1312 1177 1356 videtur,
1196 1313 1297 1362 quod
1311 1315 1346 1350 ὃ(
1359 1320 1537 1363 perpetuo
1550 1315 1720 1356 irritetur,
1742 1314 1777 1351 &
1790 1315 1872 1350 omss

260 1380 299 1415 ni
312 1377 384 1415 alio
400 1375 564 1414 musculo
593 1375 708 1423 magis
724 1373 765 1410 sit
781 1372 974 1414 irritabile,
1009 1379 1116 1421 atque
1144 1372 1235 1410 adeo
1269 1374 1427 1410 omnino
1455 1373 1635 1422 quiescere
1651 1385 1728 1410 non
1750 1372 1873 1422 poffit.'

319 1436 364 1475 Et
380 1438 502 1486 primo
526 1447 589 1484 per
607 1435 855 1483 experimenta
890 1431 1141 1475 ostendimus,
1175 1432 1278 1481 super
1308 1444 1436 1469 omnes
1470 1432 1694 1470 voluntarios
1726 1432 1868 1471 muscu·

259 1496 315 1534 los
348 1497 384 1533 &
405 1507 470 1533 cor
501 1493 671 1532 irritabile
698 1492 789 1541 (lt)
817 1490 904 1534 effe,
941 1491 978 1528 δε
1006 1491 1199 1538 intestina3
1233 1493 1269 1529 &
1299 1492 1375 1529 haec
1402 1491 1553 1541 quidem
1575 1493 1613 1528 in
1643 1491 1765 1529 calidis
1795 1493 1870 1529 ani-

259 1556 417 1593 malibus
434 1555 598 1604 superare
615 1582 624 1596 ‚
660 1554 698 1590 in
726 1551 865 1600 frigidis
883 1562 969 1589 vero
988 1550 1145 1588 bestiolis
1163 1551 1284 1589 cordis
1304 1551 1349 1589 ad
1374 1560 1520 1590 motum
1536 1551 1773 1598 constantiam
1797 1551 1873 1588 evi-'

259 1615 387 1653 denter
415 1616 560 1651 vincere
580 1612 625 1661 (l
634 1614 671 1659 ),
709 1613 745 1649 Sc
765 1611 822 1649 vel
842 1610 970 1660 sponte
997 1623 1061 1649 cor
1083 1612 1245 1654 moveri,
1288 1611 1346 1649 vel
1362 1611 1405 1649 ad
1424 1620 1569 1649 motuni
1586 1618 1683 1649 certe
1702 1610 1870 1649 addititio

258 1675 382 1724 aliquo
403 1673 550 1712 stimulo
568 1673 730 1709 revocari
747 1669 855 1720 poffe.
891 1669 1039 1708 Deinde
1071 1671 1107 1707 in
1128 1670 1230 1720 pullo
1248 1672 1420 1709 incubato
1446 1671 1583 1709 nullam
1601 1670 1719 1709 adhuc
1736 1670 1870 1707 intesti-

257 1745 395 1771 norum
419 1734 495 1770 vim
513 1732 722 1769 irritabilem
745 1731 880 1773 videri,
914 1730 1064 1779 quando
1091 1730 1232 1768 dudum
1253 1732 1291 1768 in
1316 1731 1428 1769 corde
1448 1729 1724 1768 manifestissima
1744 1730 1821 1767 fuit.

323 1791 360 1829 Si
377 1790 550 1829 curiosius
564 1803 650 1827 vero
672 1789 920 1838 requifiveris,
955 1801 1021 1827 cur
1044 1802 1062 1826 a
1083 1790 1228 1828 stimulo
1245 1792 1359 1839 magis
1393 1803 1457 1828 cor
1473 1819 1483 1833 ‚
1519 1803 1628 1840 quam
1656 1790 1744 1827 alius
1773 1787 1866 1825 mus-

259 1851 362 1890 culus
390 1856 606 1891 moveatur,
640 1848 731 1885 nihil
757 1847 1030 1896 respondebunt
1058 1849 1138 1889 alii,
1175 1848 1239 1884 nisi
1263 1849 1561 1896 phaenomenon:
1595 1847 1653 1885 alii
1687 1847 1867 1896 hypothe-

260 1910 313 1948 fin
345 1909 510 1947 offerent.
547 1907 577 1945 A
611 1906 796 1944 cochleata
829 1906 950 1942 cordis
977 1905 1108 1942 fabrica
1137 1908 1371 1954 pertinaciam
1400 1908 1439 1942 in
1464 1914 1570 1944 motu
1588 1934 1597 1949 ,
1634 1908 1773 1955 optime
1804 1905 1868 1944 fibi

258 1969 475 2019 perspe&am
496 1997 505 2011 ‚
540 1965 693 2004 deduxit
713 1964 899 2011 johannes
916 1963 960 2001 M
975 1976 995 2000 u
1011 1976 1033 2000 R
1048 1976 1069 2001 A
1083 1976 1103 2000 1.
1116 1976 1140 2000 T
1154 1977 1176 2001 u
1190 1977 1204 2001 s
1223 1966 1288 2012 (m
1301 1964 1338 2011 ):
1373 1964 1477 2002 fibras
1496 1965 1648 2003 ramosas
1673 1966 1692 2013 (
1709 1966 1764 2012 n)
1788 1977 1868 2004 cor-

259 2030 314 2067 dis
347 2029 404 2066 alii
440 2028 514 2066 huc
542 2032 785 2063 revocarunt:
820 2023 1031 2071 sanguinem
1047 2023 1130 2072 post
1158 2034 1316 2062 mortem
1350 2025 1388 2062 in
1421 2027 1626 2065 coronarias
1654 2023 1796 2063 arterias
1823 2025 1870 2064 ab

260 2089 333 2139 ipsa
354 2094 463 2127 aortae
494 2085 741 2125 contrafflone
775 2083 957 2134 inpulsum
984 2081 1088 2120 ΚΑΛ
1102 2095 1171 2121 uw
1185 2095 1198 2121 1
1216 2096 1237 2122 υ
1252 2097 1267 2122 s
1293 2086 1343 2133 (ο
1357 2084 1399 2133 ),
1434 2097 1570 2125 nervos
1590 2084 1711 2124 cordis
1735 2097 1780 2123 ex
1804 2096 1867 2134 pe-

1759 2144 1868 2194 culici?¹

248 2271 253 2277 N
302 2229 316 2265 (
338 2232 350 2259 i
370 2231 383 2266 )
406 2239 436 2267 p-
460 2235 532 2265 48<-

300 2270 353 2305 (k
375 2273 436 2315 ),ῐ)-
461 2274 530 2307 465·
556 2271 616 2305 466

301 2310 315 2346 (
336 2313 347 2339 I
367 2312 379 2346 )
403 2311 469 2339 ibid.

302 2351 386 2387 (m)
415 2352 557 2381 Vademec.
582 2355 662 2379 anat.
693 2360 720 2387 p.
746 2360 779 2387 45
789 2354 817 2381 ις

302 2391 316 2427 (
336 2402 357 2420 n
379 2393 390 2426 )
414 2401 441 2427 Ρ.
466 2401 531 2429 35¹·

303 2434 350 2469 ρο
370 2434 384 2472 )
405 2432 483 2466 Hine
507 2431 632 2465 calidum
654 2441 771 2464 manere
785 2453 794 2471 ‚
829 2432 945 2473 quando
961 2431 1065 2473 reliqui
1088 2426 1210 2469 musculi
1238 2432 1344 2473 frigent
1367 2435 1462 2472 impet.
1482 2432 1540 2472 fia.
1569 2441 1597 2464 ῃ.
1614 2438 1686 2471 753:

1985 17 2003 135 i.

1993 174 2003 214 εἷ’
