2003 2748
275 203 278 206 -
328 191 412 223 226
577 179 698 221 ΜΒ.
745 177 853 218 III.
921 175 1259 243 cmcmssus
1313 175 1664 222 SANGUIMS.

328 278 502 320 auricula,
535 277 570 314 Sc
599 278 636 313 in
657 276 787 312 dextro
810 274 1014 311 ventriculo
1036 274 1303 313 nonnullorum
1333 288 1519 314 ramorum
1541 276 1646 315 facile
1666 276 1919 328 adgnoscenda‘

327 339 481 389 potestas
509 338 687 373 continuo
717 334 749 371 se
783 333 897 371 oculis
927 333 1042 370 offert.

409 396 464 434 Ad
490 395 582 431 hanc
612 406 700 442 ergo
726 391 868 430 clall'em
894 395 1075 441 pertinent
1097 404 1192 430 arma
1220 401 1392 432 venenata
1409 423 1418 438 ‚
1454 401 1514 433 aut
1535 394 1668 444 sagittae
1698 395 1811 434 thorae
1838 395 1920 447 (x)

327 456 433 494 succo
469 455 525 490 vel
545 454 615 491 albi
642 453 818 490 hellebori
843 452 997 488 intinstae
1014 481 1022 495 ‚
1055 465 1155 501 quae,
1189 451 1212 488 fi
1239 455 1275 489 in
1306 453 1514 503 sanguinem
1539 467 1723 493 venenum
1747 467 1920 504 pervene-

326 517 391 557 rit,
418 513 537 551 subito
576 513 724 563 quidem
751 511 881 548 animal
907 518 1035 548 necant
1052 540 1060 553 ‚
1092 512 1324 560 &praeterea
1359 515 1469 551 totius
1493 514 1653 552 animalis
1679 527 1801 552 carnes
1827 514 1922 552 mol-

327 575 378 612 les
407 574 443 610 &
471 574 667 610 teneriores
692 571 850 608 reddunt
873 569 961 618 (z).
1042 569 1125 608 Huc
1152 572 1258 608 etiam
1279 571 1404 610 flatiles
1426 572 1567 622 sagittas
1598 573 1854 616 Macaffarum,
1884 574 1922 610 &

327 633 483 671 aliorum
508 632 682 670 indorum
713 629 830 667 refero
850 658 860 672 ‚
899 641 978 678 quae
1010 641 1056 666 ex
1090 630 1227 667 arboris
1261 643 1337 668 non
1361 631 1437 669 satis
1463 632 1630 671 hafteuus
1651 662 1661 676 ,
1699 635 1807 670 etiam
1841 632 1922 681 post

327 691 525 730 RUMPF1
542 704 553 728 1
573 693 648 738 (a)
677 702 790 738 opus,
815 690 983 736 cognita,
1014 688 1249 731 lattescentis,
1273 689 1378 728 succo
1407 691 1498 729 adeo
1525 691 1720 729 vehemens
1740 703 1922 729 venenum

329 751 567 799 concipiunt,
600 750 660 791 ut,
684 749 727 785 de
741 749 832 785 tubo
852 747 974 784 efflacae
996 745 1010 797 (
1028 746 1048 784 h
1065 748 1101 793 )‚
1126 748 1362 787 minutissimo
1375 762 1522 800 quoque
1539 751 1755 788 vulnusculo
1773 757 1920 794 necent,

328 810 354 847 fi
385 809 442 846 vel
481 811 630 848 minima
663 808 836 858 particula
864 807 1075 854 sanguinem
1112 807 1284 845 infecerit.
1363 808 1407 846 In
1431 809 1596 848 America
1628 812 1721 847 intra
1744 810 1805 847 sex
1825 809 1924 847 horae

329 870 470 907 minuta
493 870 585 916 (c),
617 869 652 905 &
680 870 772 904 intra
797 868 947 905 unicum
971 865 1042 914 (d)
1070 865 1219 905 demum
1251 869 1288 906 in
1313 867 1415 907 India
1437 869 1509 918 (e)
1526 898 1536 914 ,
1578 869 1710 908 animal
1744 869 1924 918 ejusmodi

329 928 464 978 sagittis
491 928 612 966 laesum
643 927 773 964 interit.

883 1024 916 1065 §-
951 1019 1092 1059 VIII.
1161 1020 1207 1058 Et
1244 1020 1372 1071 affusa.

391 1118 534 1158 Verum
567 1118 765 1156 accuratius
801 1118 927 1165 utique
955 1118 1248 1165 experimentum
1278 1118 1327 1155 est
1345 1146 1355 1161 ‚
1393 1117 1494 1167 quod
1523 1119 1657 1156 medici
1681 1119 1925 1157 instituerunu

330 1180 376 1218 In
400 1191 530 1217 venam
558 1178 707 1227 quidem
735 1177 828 1213 &in
855 1175 1067 1223 sanguinem
1095 1189 1277 1214 venenum
1293 1206 1303 1220 ‚
1333 1179 1394 1215 aut
1419 1178 1748 1221 medicamentum,
1784 1178 1925 1227 inpelli-

332 1246 411 1278 tur:
441 1237 623 1276 sedidem
662 1236 805 1273 effeetus
844 1234 926 1271 suos
959 1241 1077 1271 certos
1108 1236 1143 1271 δε
1170 1235 1427 1273 determinatos
1466 1240 1503 1273 in
1543 1237 1746 1274 ventriculo
1780 1238 1923 1274 vomitu

333 1306 462 1340 moto,
489 1299 528 1334 in
554 1296 727 1332 intestinis
748 1294 829 1331 alvo
852 1294 983 1335 laxata,
1017 1294 1054 1329 in
1086 1295 1234 1331 cerebro
1274 1296 1442 1332 ebrietate
1478 1297 1627 1333 excitata
1647 1324 1656 1338 ‚
1687 1298 1725 1333 in
1749 1295 1860 1333 corde
1886 1296 1924 1333 &

331 1357 511 1407 pulmone
536 1355 709 1402 sanguine
737 1353 862 1391 coauo
895 1352 1124 1390 demonstrat.
1208 1353 1316 1391 Unde
1346 1362 1445 1391 certo
1481 1354 1701 1397 ostenditur,
1740 1366 1924 1393 venenum

332 1428 380 1453 ex
402 1428 493 1453 vena
513 1414 647 1452 brachii
668 1413 813 1462 pedisve
837 1412 882 1449 ad
915 1423 1001 1453 cor,
1035 1411 1079 1447 ad
1107 1412 1320 1460 pulmones,
1347 1413 1391 1450 ad
1413 1421 1542 1462 caput,
1572 1414 1614 1450 ad
1638 1414 1758 1451 alvum
1778 1408 1920 1457 venisse,

334 1476 371 1512 &
392 1475 429 1512 id
456 1476 522 1512 iter
540 1472 670 1522 procul
693 1472 806 1509 dubio
830 1470 1013 1519 sanguinis
1041 1470 1162 1508 venofi
1186 1471 1307 1514 fuiffe,
1336 1484 1355 1509 a
1383 1484 1458 1521 quo
1486 1484 1671 1510 venenum
1700 1474 1739 1511 in
1766 1484 1822 1509 eas
1845 1483 1924 1522 par-

332 1540 386 1572 tes
407 1534 570 1582 corporis
595 1531 754 1568 animalis
780 1530 922 1568 vettum
951 1529 1009 1566 est.
1249 1561 1267 1580 0

393 1592 534 1631 Primus
554 1591 687 1629 horum
719 1591 1054 1639 experimentorum
1080 1588 1202 1626 autlor
1222 1589 1430 1638 perhibetur
1455 1589 1485 1640 J.
1525 1589 1695 1639 Georgius
1716 1603 1745 1627 v.
1774 1588 1866 1628 WA
1881 1602 1923 1627 Η-

333 1663 568 1689 RENDORF
596 1648 700 1697 (s),
730 1651 791 1698 qui
813 1661 894 1686 ann.
931 1654 1050 1692 1642.
1086 1650 1123 1684 in
1149 1647 1294 1686 Lusatiae
1323 1661 1419 1698 pago
1449 1651 1574 1687 vinum
1601 1652 1638 1687 in
1667 1662 1797 1688 canum
1815 1661 1922 1686 venas

331 1710 490 1759 inpulit,
519 1710 554 1746 &
590 1720 629 1746 ea
653 1709 817 1745 animalia
847 1708 1017 1744 inebriata
1038 1706 1138 1744 fuisse
1163 1709 1310 1745 notavit.
1389 1707 1432 1745 In
1453 1707 1634 1746 Britannia
1666 1711 1826 1746 ornatius
1850 1709 1923 1756 pri-

333 1780 416 1808 mus
440 1769 537 1807 idem
564 1767 769 1818 periculum
801 1767 944 1817 repetiit
976 1778 1076 1804 anno
1124 1772 1244 1813 1656.
1286 1765 1549 1816 Chrzstophorus
1579 1768 1763 1811 xviim,
1795 1773 1922 1817 praeter

1810 1825 1924 1863 archi-

764 1911 779 1926 Ο

375 1931 443 1970 (x)
462 1933 486 1964 L
500 1943 517 1962 o
531 1943 548 1962 a
563 1942 581 1962 a
595 1943 613 1962 ι
634 1929 741 1970 advevs'
772 1940 799 1970 p.
820 1930 887 1968 263.
908 1930 952 1961 De
974 1930 1060 1960 noxia
1076 1930 1181 1967 herba,
1210 1941 1294 1970 quam
1314 1941 1372 1961 non
1386 1933 1536 1968 nominat,
1553 1933 1581 1963 δι
1600 1942 1655 1970 qua
1674 1931 1810 1963 Dalmatii
1832 1931 1923 1970 spicu-

327 1973 429 2004 'lorum
450 1974 595 2012 cuspidem
617 1980 782 2007 venenent,
810 1972 908 2002 similia
927 1971 1013 2002 habet
1036 1971 1060 2000 G
1074 1982 1092 2000 A
1107 1983 1122 2000 L
1136 1983 1149 2001 E
1164 1982 1184 2000 N
1198 1983 1217 2001 u
1231 1983 1243 2002 s
1268 1974 1300 2002 cle
1320 1973 1445 2003 theriaca
1467 1976 1505 2002 ud
1524 1971 1615 2011 Pifhn.
1647 1983 1671 2003 c.
1692 1983 1734 2003 10.

378 2016 444 2050 (z)
465 2015 486 2044 C
502 2025 517 2043 a
533 2026 552 2044 A
565 2024 584 2042 ι·
597 2024 614 2044 o
638 2012 716 2052 Epist.
741 2013 814 2043 med.
841 2012 876 2043 T.
900 2012 938 2044 11.
968 2023 994 2051 p.
1018 2016 1086 2043 226.
1107 2012 1141 2043 M
1156 2023 1174 2042 A
1189 2022 1208 2043 T
1223 2023 1275 2043 >ru
1288 2025 1297 2043 ι
1311 2024 1328 2042 o
1346 2024 1361 2042 L
1375 2024 1395 2043 υ
1411 2024 1424 2044 s
1454 2015 1491 2043 ad
1508 2012 1696 2053 Diffi-orielem
1719 2024 1750 2054 p.
1777 2013 1863 2045 1226.
1892 2012 1923 2042 in

334 2055 421 2093 Epist.
451 2066 476 2093 p.
498 2064 564 2091 229.

378 2096 446 2133 (a)
476 2097 496 2126 A
512 2107 526 2124 r<
540 2106 556 2125 c
570 2105 650 2125 AEus
678 2096 710 2124 df
732 2101 821 2125 curat.
851 2095 931 2124 vuln.
959 2094 989 2124 L.
1013 2093 1033 2123 Ι.
1066 2103 1094 2132 p.
1116 2102 1161 2131 70.
1189 2094 1225 2124 de
1248 2095 1368 2126 Veratro
1394 2096 1518 2127 locutus.

378 2138 446 2173 (b)
468 2137 501 2166 ln
527 2134 656 2174 The-fiacr.
685 2135 876 2173 Amlminenst.

378 2178 435 2212 (c)
463 2179 571 2214 l'oyage
589 2179 634 2205 des
659 2178 824 2206 Hoslamiois
846 2187 904 2205 nux
919 2177 998 2204 [mles
1020 2177 1173 2207 Orientalet
1197 2176 1232 2206 T.
1253 2176 1274 2206 I.
1305 2187 1333 2214 p.
1356 2186 1401 2214 33.
1425 2178 1496 2212 418⁴,
1526 2177 1636 2215 voyage
1656 2178 1689 2206 de
1714 2178 1868 2208 Rechteren
1891 2186 1918 2215 p.

341 2222 407 2253 ¹64-
431 2217 456 2247 T
473 2228 491 2247 A
509 2228 525 2247 c
541 2228 561 2246 H
580 2228 598 2246 A
615 2227 636 2247 R
650 2227 667 2246 n
697 2228 797 2254 zvqwge
819 2220 850 2246 cle
874 2219 950 2247 siam
976 2215 1012 2246 T.
1033 2217 1080 2246 lll.
1104 2227 1129 2255 p.
1164 2221 1229 2247 166.
1260 2217 1287 2247 T
1301 2228 1323 2247 A
1339 2228 1358 2249 v
1374 2227 1423 2248 BR
1438 2228 1459 2247 N
1476 2229 1487 2248 1
1501 2229 1516 2248 Β
1533 2228 1551 2248 a
1578 2219 1641 2249 itin.
1669 2215 1708 2248 T.
1728 2217 1782 2251 ΠΙ.
1802 2229 1829 2256 p.
1852 2223 1919 2256 518.

337 2257 360 2288 Β
377 2269 384 2286 ι
401 2268 415 2286 n
432 2268 450 2287 e
467 2269 485 2286 u
511 2258 605 2294 lvzslior.
626 2257 712 2293 osthe
737 2260 829 2295 Royal
854 2260 948 2288 Societ.
981 2257 1014 2286 T.
1039 2257 1073 2289 ll.
1102 2268 1128 2295 p.
1156 2267 1205 2295 43.

379 2298 446 2334 (d)
472 2298 513 2327 De
538 2298 563 2326 la
583 2299 604 2327 C
616 2309 633 2327 o
645 2309 663 2325 Ν
680 2309 697 2327 r>
714 2310 729 2327 A
746 2311 764 2328 M
778 2310 789 2327 ι
801 2309 820 2327 Ν
832 2309 845 2327 F„
864 2301 943 2327 relat.
959 2299 1028 2327 d’un
1044 2309 1146 2336 voyage
1167 2299 1236 2328 dnm
1253 2299 1428 2339 I'Amerique
1452 2300 1633 2330 meridionale
1649 2310 1677 2338 p.
1695 2300 1742 2330 68.
1764 2305 1829 2334 208.
1850 2307 1918 2335 209.

381 2338 439 2371 (e)
465 2338 538 2368 Nm
557 2339 584 2366 in
608 2339 718 2375 Europa
746 2339 921 2376 languidiora
942 2339 996 2368 tela
1024 2349 1164 2369 venenata
1189 2340 1248 2376 post
1270 2341 1394 2378 integras
1422 2350 1468 2377 ²4-
1490 2341 1574 2372 horas
1598 2342 1715 2371 demum
1739 2350 1838 2371 canem
1857 2349 1922 2369 ene-

339 2387 458 2408 cuerunt
479 2379 552 2414 apud
576 2379 600 2408 K
612 2389 664 2408 υ.Ν
678 2390 694 2407 u
710 2391 731 2408 M
747 2390 764 2407 Λ
780 2390 799 2408 Ν
815 2389 836 2408 Ν
851 2390 901 2409 um
929 2380 956 2408 in
969 2379 1111 2417 singular.
1137 2387 1235 2411 natur.
1261 2381 1299 2417 ἐξ
1317 2387 1398 2410 arcus
1424 2392 1450 2419 p.
1468 2386 1534 2412 602.
1564 2381 1767 2412 Salivationem
1784 2383 1810 2411 ὅ(
1831 2378 1921 2410 vomi-

339 2426 399 2449 tum
423 2420 477 2448 hoc
496 2430 637 2448 venenum
658 2428 819 2457 moverat·

381 2458 426 2497 (f
435 2462 447 2497 )
469 2460 493 2496 J.
513 2462 618 2490 Daniel
638 2460 671 2491 Μ
683 2471 702 2494 Α
716 2471 725 2490 1
739 2470 755 2490 0
769 2470 785 2488 ι
806 2461 835 2490 in
850 2461 1019 2493 Memoriali
1040 2463 1200 2494 anatomico
1213 2471 1242 2496 n.
1263 2473 1287 2503 ς.
1308 2462 1331 2495 E
1343 2472 1363 2495 τ
1376 2473 1397 2495 τ
1411 2475 1435 2497 M
1447 2473 1471 2501 υ
1483 2474 1499 2494 x.
1512 2475 1529 2496 ι.
1539 2473 1555 2499 B
1566 2473 1585 2496 R
1605 2463 1728 2503 chirurg.
1744 2460 1826 2502 inszgs]
1846 2472 1875 2494 n.
1891 2471 1918 2501 3.
