2003 2748
338 181 418 220 136
841 171 998 211 LJB.
1047 170 1116 211 II.
1182 170 1418 211 VASA.1

331 273 386 309 nis
402 299 411 313 ‚
448 270 582 307 arteriis
612 268 781 318 venisque
795 267 984 306 ciliaribus.
1020 267 1118 306 Inter
1138 267 1330 306 divisiones
1345 297 1355 311 ‚
1391 279 1577 307 ramorum
1592 270 1772 318 origines,
1800 270 1836 307 &
1860 270 1935 309 niz-'-

333 342 476 368 merum
490 328 608 366 multo
621 328 713 377 plus,
737 341 846 377 quam
864 330 899 365 in
912 329 1058 372 arteriis,
1079 329 1254 366 varietatis
1265 329 1400 378 reperi:
1421 335 1528 377 atque
1542 337 1638 366 ‘santa
1651 328 1710 366 hic
1727 336 1859 367 naturae
1873 332 1934 367 m-

338 389 536 427 constantia
555 388 623 430 est,
643 395 683 426 ut
707 399 828 437 neque
846 400 916 436 ego
931 416 940 430 ,
984 400 1069 426 cum
1090 389 1230 425 arterias
1247 389 1386 426 minute
1400 399 1466 437 per
1476 387 1660 437 plerasque
1677 389 1840 438 corporis
1862 388 1930 426 hu-

338 449 435 485 mani
460 455 575 497 partes
602 446 857 496 prosequerer,
892 459 1055 496 unquam
1077 460 1161 485 eum
1179 448 1340 485 laborem
1360 447 1509 496 adgredi
1526 446 1777 490 sustinuerim,
1806 448 1930 497 quiex

330 506 437 544 simi-li
462 519 636 545 venarum
666 506 905 556 descriptione
931 506 1142 545 nasceretur.
1186 507 1263 545 Tot
1287 509 1385 544 enim
1408 506 1666 556 descriptiones
1688 506 1765 544 fieri
1791 505 1929 544 necesse

327 567 421 604 foret
439 595 448 609 ‚
486 574 580 616 quot
603 566 675 604 fere
697 566 866 604 cadavera
884 566 973 604 sunt.
998 565 1050 604 Ita
1071 579 1204 616 nempe
1218 569 1253 604 in
1267 568 1412 605 artubus
1430 594 1439 608 ,
1475 566 1562 604 facie
1579 595 1589 609 ‚
1612 574 1765 604 externo
1786 567 1924 615 capite,

327 626 557 664 subcutaneis
592 628 803 675 regionibus
833 639 888 663 res
911 626 944 664 se
967 625 1076 665 habet
1104 656 1114 669 ,
1151 639 1236 664 nam
1268 629 1305 664 in
1330 626 1524 664 visceribus
1550 625 1750 676 simplices,
1788 626 1824 663 &·
1849 625 1940 662 satis-

327 688 537 724 arteriarum
565 685 694 723 similes
723 686 811 724 sunt.
862 685 1049 724 Venarum
1076 688 1196 724 trunci
1230 685 1380 735 perinde
1408 686 1533 724 lumen
1566 685 1704 723 lumine
1740 696 1938 722 ramorum

327 748 447 783 minus
477 747 634 783 habent:
675 746 712 782 ὃς
744 745 895 795 perinde
924 758 1014 783 vena
1047 757 1132 783 cava
1165 747 1407 795 porportione
1431 757 1619 783 ramorum
1638 744 1801 783 «suorum
1837 756 1941 781 con--

324 805 533 851 juntlorum
555 805 672 854 potest
692 817 760 854 pro
786 806 919 842 vertice
941 806 1026 843 coni
1049 804 1194 848 haberi,
1234 807 1335 853 cujus
1358 804 1446 843 basis
1476 806 1514 842 in
1533 804 1704 842 omnibus
1732 804 1831 841 venis
1858 804 1930 839 mi·

325 866 433 901 nimis
460 867 571 903 totius
599 868 763 914 corporis
799 866 957 914 ponitur.
1007 865 1136 914 Neque
1163 863 1223 901 hic
1247 867 1404 904 rationes
1427 864 1612 903 luminum
1644 863 1747 903 valde
1771 861 1935 901 diversas

325 925 440 973 reperi
470 925 513 962 ab
536 926 577 962 iis
605 925 828 967 rationibus,
866 936 946 974 quse
972 925 1010 961 in
1034 926 1169 962 arteriis
1198 924 1375 964 obtinent.

636 1073 667 1114 ἓ.
703 1068 745 1107 Χ
762 1068 838 1107 IV.
908 1068 1149 1107 Valvularum
1176 1070 1215 1108 in
1241 1072 1447 1122 universim
1465 1072 1622 1122 historica

384 1213 532 1264 Infigse
553 1214 743 1252 discrimen
765 1216 907 1251 arterias
927 1216 1020 1251 inter
1037 1216 1215 1265 venasque
1239 1217 1392 1255 valvulae
1416 1218 1554 1257 faciunt
1581 1249 1590 1263 ‚
1632 1233 1784 1271 quarum
1810 1221 1935 1263 Histoss-

323 1277 411 1312 riam
442 1277 541 1323 prius
572 1274 852 1323 persequemur,
895 1286 1005 1323 quam
1032 1274 1076 1312 de
1100 1274 1231 1314 finibus
1259 1288 1432 1316 venarum
1463 1279 1634 1317 dicemus.
1680 1281 1925 1321 Cavea'nem,

323 1347 369 1383 pe
391 1336 428 1371 in
450 1334 585 1371 arteriis
603 1362 612 1376 ‚
649 1332 673 1370 fi
694 1346 712 1370 a
735 1333 855 1370 cordis
883 1335 1051 1382 proxima
1076 1335 1207 1373 vicinia
1234 1335 1412 1374 recesseris
1434 1366 1442 1380 ,
1483 1338 1646 1388 undique
1672 1340 1782 1379 libera
1807 1342 1856 1379 est
1884 1344 1922 1380 δὲ

322 1405 421 1443 pura.
458 1393 595 1436 Venis,
630 1400 726 1430 certe
749 1392 927 1442 plerisque
946 1393 982 1429 in
1015 1405 1054 1430 ea
1077 1406 1184 1432 cavea
1206 1397 1384 1444 propriae,
1418 1406 1565 1435 motum
1587 1398 1767 1448 sanguinis
1791 1414 1922 1451 regena

323 1459 389 1496 tes,
412 1452 670 1491 membranulae
684 1455 913 1502 reperiuntur
925 1481 933 1495 ,
952 1453 1124 1491 omnibus
1140 1455 1353 1493 animalibus
1372 1456 1476 1493 calidi
1493 1458 1674 1506 sanguinis
1688 1471 1914 1499 communes.

382 1512 578 1551 Veteribus
606 1524 733 1561 parum
767 1512 811 1549 de
854 1512 908 1549 his
939 1511 1089 1549 valvulis
1115 1515 1286 1552 innotuit.
1328 1514 1623 1555 Diomsms
1655 1517 1863 1569 Oxymachi
1892 1520 1915 1557 fi

322 1574 339 1620 (
358 1573 416 1621 n)
443 1572 535 1609 dixit
565 1571 608 1608 de
634 1568 858 1621 επανθισ-μεις
889 1583 1060 1609 venarum
1078 1601 1088 1615 ‚
1121 1573 1290 1611 distinctis
1312 1574 1349 1611 ὃς
1369 1574 1573 1614 adventitiis
1597 1590 1769 1617 venarum
1793 1591 1918 1629 recep÷

321 1632 446 1669 taculis
468 1660 476 1673 ‚
515 1630 668 1669 obscure
698 1629 844 1668 locutus
862 1660 871 1674 ‚
914 1637 954 1668 ut
977 1632 1065 1681 quid
1091 1632 1267 1676 voluerit,
1306 1633 1404 1672 haud
1428 1634 1530 1674 facile
1557 1636 1598 1674 fit
1623 1637 1737 1676 diem:
1777 1639 1821 1676 ad
1845 1639 1931 1676 val-⁷

321 1690 420 1728 vulas
453 1698 550 1728 certe
585 1690 696 1740 aliqui
729 1701 859 1727 eorum
885 1690 1101 1740 scriptorum
1126 1698 1334 1736 traxerunt,
1373 1694 1504 1743 quibus
1534 1695 1571 1733 id
1594 1699 1820 1746 praecipuum
1847 1698 1923 1736 stu·-

321 1750 423 1787 dium
449 1750 516 1787 fuit
532 1779 541 1793 ,
579 1757 618 1788 ut
643 1750 765 1787 omnia
795 1752 1042 1788 recentiorum
1061 1753 1207 1789 inventa
1234 1753 1278 1790 ad
1303 1755 1554 1803 antiquitatem
1580 1756 1763 1794 referrent.

382 1809 542 1846 Fundam
563 1821 660 1846 venae
676 1807 795 1845 suralis
812 1837 821 1851 ,
850 1810 894 1846 ad
906 1809 1062 1847 valvulas
1080 1811 1187 1849 refert
1205 1811 1366 1852 Salomon
1382 1813 1412 1850 A
1425 1826 1445 1849 L
1457 1826 1477 1850 B
1491 1826 1510 1850 E
1524 1827 1546 1852 R
1558 1827 1583 1850 T
1597 1827 1610 1851 1
1638 1815 1724 1863 (p)
1743 1816 1779 1853 δε
1805 1816 1920 1854 Theo-

319 1869 425 1905 dorus
456 1868 512 1918 JA
526 1881 550 1905 N
565 1881 579 1906 s
591 1880 614 1905 o
632 1880 656 1905 N
687 1868 730 1904 ab
748 1867 777 1904 A
790 1880 810 1904 L
825 1880 854 1904 M
867 1880 886 1904 Ε
901 1881 922 1905 L
936 1881 960 1905 o
980 1881 1002 1905 v
1015 1882 1034 1906 E
1048 1882 1066 1905 E
1080 1882 1106 1906 N
1139 1870 1194 1917 (q
1210 1867 1226 1919 )
1245 1884 1252 1906 :
1277 1872 1366 1908 mihi
1394 1872 1537 1910 videtur
1558 1881 1710 1912 curvatae
1736 1887 1834 1912 venae
1855 1875 1915 1913 ha-

319 1928 463 1966 mulum
495 1941 533 1966 ea
557 1940 648 1966 voce
672 1926 881 1964 intellexisse
904 1927 1027 1965 aanor
1053 1928 1189 1971 libelli,
1234 1931 1297 1978 qui
1320 1931 1414 1967 inter
1434 1929 1716 1981 Hippocraticos
1738 1936 1755 1980 ζ
1770 1935 1822 1980 ν)
1852 1934 1910 1971 est,

377 1986 411 2024 T
424 2000 450 2024 H
463 2000 482 2024 E
496 2000 519 2025 o
534 2000 557 2025 D
572 1999 594 2025 o
610 2001 632 2025 a
648 1998 666 2023 E
680 1998 702 2022 T
717 1998 739 2022 υ
754 1999 767 2022 s
784 2015 793 2029 ‚
830 1998 939 2036 quem
962 1986 1088 2035 gloriae
1114 1987 1337 2027 valvularum
1368 1989 1586 2029 deterrarum
1606 1994 1818 2042 participem
1848 1992 1915 2031 effe

318 2046 435 2088 voluit
455 2045 485 2096 J.
515 2046 713 2094 Zacharias
741 2045 768 2083 P
782 2058 801 2083 E
814 2058 864 2084 Ts
877 2058 967 2084 CHE
999 2046 1050 2095 (s
1066 2046 1106 2095 )‚
1144 2046 1176 2085 G
1190 2059 1212 2084 A
1229 2060 1281 2085 LE
1294 2060 1319 2085 N
1335 2060 1356 2086 u
1370 2061 1401 2086 m
1417 2051 1524 2088 unice
1544 2050 1684 2090 secutus
1707 2052 1774 2096 est,
1811 2053 1847 2090 Sc
1866 2052 1922 2090 de⁴

317 2106 466 2144 valvulis
496 2107 616 2145 cordis
646 2107 729 2154 egit.

1832 2170 1914 2209 Mar-4

358 2312 438 2347 (n)
461 2310 548 2347 Apud
566 2309 678 2340 Rutu
694 2322 713 2340 M
735 2311 785 2341 Ep
801 2320 963 2342 nesius«
981 2313 1107 2351 appellnt.
1127 2322 1199 2353 corp.
1216 2315 1296 2347 hum.
1311 2314 1342 2347 L.
1360 2315 1382 2347 Ι.
1397 2326 1426 2357 p.
1441 2325 1491 2355 42.
1505 2317 1575 2350 edit.
1595 2315 1915 2356 Cuneumuffii

357 2353 367 2386 (
383 2354 430 2389 p)
454 2352 552 2389 Hister.
582 2358 658 2388 part.
675 2359 747 2389 corp.
768 2353 846 2382 hum.
870 2363 896 2390 p.
926 2364 990 2391 ¹70·

357 2394 368 2427 (
386 2403 403 2431 q
423 2395 434 2427 )
460 2394 649 2431 Novantiqzm
686 2402 713 2430 p.
751 2399 817 2428 228.
845 2394 941 2424 Habet
962 2395 1047 2426 etiam
1073 2397 1099 2427 R
1113 2408 1124 2426 1
1138 2407 1155 2427 o
1167 2408 1183 2427 L
1197 2407 1216 2427 A
1229 2407 1282 2427 Nu
1298 2410 1321 2429 s.

356 2437 368 2468 (ξ
384 2444 401 2462 r
419 2435 430 2469 )
452 2436 496 2463 De
510 2435 588 2462 venis
607 2443 636 2465 n.
663 2442 712 2468 24-
1074 2466 1075 2469 ,
1145 2461 1146 2465 ,

356 2474 369 2511 ζ
390 2484 401 2503 s
421 2476 433 2512 )
456 2473 489 2504 ln
511 2473 569 2505 diff.
599 2485 614 2505 a
635 2474 719 2505 nobis
746 2474 842 2507 recusa
864 2474 948 2507 infr.
973 2476 1021 2509 VI.
1048 2476 1149 2518 (igliur.
1173 2485 1298 2512 anatem.
1314 2491 1342 2512 n.
1371 2485 1417 2520 56.
