2003 2748
406 143 1347 187 SECT.1.VELAMENTA‘.
1580 147 1662 195 '293

80 250 185 286 tinuo
209 244 396 288 connasci,
432 255 540 294 quam
565 244 725 295 primum
745 242 864 280 nullus
882 242 1017 280 humor
1044 242 1077 280 se
1108 244 1310 292 interponit
1328 267 1338 286 ,
1375 242 1413 280 δι
1437 242 1659 282 ostendimus

82 305 219 354 (cst),
255 306 290 342 ὃς
315 316 426 354 porro
452 302 777 340 demonstrabimus
805 302 824 349 (
845 303 911 348 e).
948 302 1072 347 Quare
1099 302 1229 350 absque
1246 302 1310 339 hac
1321 314 1411 351 aqua
1436 313 1554 352 neque
1579 314 1662 341 cor-

70 364 124 402 dis
150 365 314 406 libertas,
349 375 468 412 neque
494 361 674 410 sanguinis
697 359 788 397 adeo
815 358 1002 397 necessaria
1036 359 1196 409 expulsio
1224 359 1288 397 fibi
1313 361 1462 399 constat.

132 424 223 461 Non
247 424 431 469 rejecerim
453 422 560 458 etiam
582 419 727 457 alteram
749 418 938 456 utilitatem
957 448 966 462 ‚
1003 431 1072 468 qua
1100 420 1224 457 eadem
1245 421 1341 456 mitis
1364 420 1399 457 &
1425 420 1605 468 glutinosa
1624 433 1660 459 a-

72 496 143 532 qua
172 482 291 518 cordis
316 482 493 529 perpetim
517 479 553 516 Sc
580 478 765 516 celerrime
785 480 878 515 moti
902 478 1105 515 fridilonem
1131 487 1314 527 temperat.
1350 478 1533 517 Mucroue
1560 482 1659 518 enim

72 542 194 591 pestus
215 541 389 589 percutit,
423 537 664 588 pericardium
688 537 828 586 inpellit
845 549 856 583 ;
889 536 926 574 id
946 549 1031 575 cum
1046 545 1224 586 perpetuo
1241 537 1280 574 fit
1297 566 1306 580 ,
1347 550 1422 574 non
1450 537 1564 586 posset
1581 551 1657 576 cer-

73 609 109 637 te
137 600 234 640 fieri,
284 599 372 646 quin
400 595 517 646 aliqua
542 608 623 645 pars
648 596 867 633 membranae
897 598 1099 633 tenerrimae
1123 596 1243 634 cordis
1272 595 1397 633 senfim
1423 596 1652 635 detereretur.

72 657 120 695 Ea
141 658 268 694 detrita
292 656 397 694 nudae
421 655 518 694 fibrae
541 667 676 693 carneae
704 656 810 692 etiam
837 654 916 704 ipsae
941 655 1238 698 vulnerarentur,
1287 655 1487 693 nasceretur
1517 655 1655 693 inflam-

72 717 184 753 matio
200 744 208 758 ,
245 716 281 752 &
304 715 405 752 ulcus
420 743 429 756 ‚
467 716 584 763 gravis
610 721 707 752 certe
732 715 770 751 in
792 726 837 752 eo
860 726 1001 763 organo
1013 717 1163 753 morbus
1179 743 1189 758 ,
1226 727 1300 764 quo
1320 714 1401 754 laeso
1425 715 1554 765 absque
1577 727 1657 764 ment

72 781 112 813 tu
133 787 178 812 ne
205 774 332 812 horula
353 773 502 824 quidem
528 775 609 812 vitae
628 773 793 822 superest.

525 886 559 928 §.
593 879 818 920 XXVII.
882 880 1197 920 SCATumGo.

133 991 318 1041 Superest,
358 997 400 1029 ut
417 991 536 1029 fontes
561 991 793 1041 exploremus
810 1018 820 1032 ,
855 1001 900 1027 ex
923 992 1054 1040 quibus
1083 990 1158 1030 haec
1174 1019 1183 1034 ,
1227 1002 1336 1041 quam
1358 990 1432 1029 fuse
1466 991 1658 1037 diximus:

73 1051 221 1100 lympha
244 1050 376 1099 prodit.
416 1049 546 1089 Multae
568 1050 613 1087 de
643 1051 686 1087 iis
709 1049 871 1086 fontibus
895 1048 975 1088 sunt
1004 1049 1310 1099 Phyfiologorum
1335 1052 1536 1100 opiniones.
1582 1051 1656 1089 Eos

73 1111 212 1159 primos
239 1110 399 1146 dicemus
414 1137 423 1151 ,
464 1110 526 1158 qui
546 1116 645 1146 extra
663 1108 903 1158 pericardium
923 1108 1016 1146 nasci
1036 1108 1257 1159 scripserunt.
1292 1108 1399 1152 Fuit,
1434 1112 1495 1159 qui
1512 1122 1656 1148 ramum

75 1179 121 1204 ex
142 1167 326 1206 thoracico
350 1168 447 1216 chyli
469 1167 577 1205 dustu
599 1169 638 1205 in
661 1167 902 1217 pericardium
923 1169 1075 1216 aperiri,
1115 1169 1152 1205 &
1174 1170 1212 1205 in
1230 1180 1313 1206 eum
1332 1167 1473 1207 saccum
1497 1169 1655 1218 aliquam

74 1226 127 1264 sui
156 1226 249 1263 succi
271 1236 411 1275 partem
447 1225 656 1269 effundere,
697 1227 804 1263 etiam
832 1227 1083 1275 experimento
1114 1226 1365 1265 confirmavit:
1407 1227 1532 1266 flatum
1556 1229 1655 1265 enim

73 1286 114 1322 in
151 1284 271 1322 cordis
305 1284 606 1334 conceptaculum
650 1282 845 1334 penetrasse
871 1286 940 1328 ait,
986 1297 1096 1334 quem
1123 1287 1161 1323 in
1188 1285 1287 1334 chyli
1314 1285 1462 1325 ductum
1484 1286 1655 1337 inpulerit

75 1341 161 1392 (f).
195 1344 266 1382 Alii
285 1344 330 1381 de
352 1343 481 1393 thymo
509 1345 744 1393 cogitarunt,
786 1344 927 1387 vicina,
967 1345 1004 1381 &
1029 1344 1146 1394 ampla
1177 1344 1348 1394 glandula
1378 1345 1485 1393 (g):
1522 1345 1581 1383 alii
1610 1345 1656 1383 de

75 1402 254 1451 glandulis
287 1403 515 1452 conglobatis
534 1430 543 1445 ,
578 1415 657 1452 quae
681 1402 882 1452 pericardio
914 1402 1112 1441 numerosae
1139 1403 1319 1446 insident,
1363 1406 1521 1443 maxime
1548 1405 1587 1441 in
1615 1416 1657 1445 ea

75 1461 156 1498 sede
175 1489 186 1504 ,
222 1473 300 1510 quae
321 1473 448 1499 venam
475 1473 597 1499 cavam
617 1461 839 1511 superiorem
858 1463 1022 1500 continet
1039 1490 1048 1504 ,
1085 1470 1191 1512 atque
1213 1469 1351 1501 aortam
1368 1463 1388 1511 (
1403 1463 1427 1501 h
1443 1465 1470 1510 ).
1503 1461 1557 1501 Eo
1577 1474 1657 1501 ver-

75 1520 185 1568 gebat
196 1520 286 1557 olim
298 1520 470 1557 Richardi
485 1519 626 1558 Lowr.
642 1533 665 1557 R
679 1531 692 1556 1
718 1521 735 1566 (
750 1520 797 1568 i)
814 1549 824 1563 ‚
859 1519 1005 1569 infignis
1028 1522 1113 1563 viri,
1129 1521 1318 1559 sententia:
1348 1533 1433 1559 nam
1454 1534 1498 1559 eo
1513 1521 1652 1567 refero,

77 1590 158 1628 quae
184 1580 237 1616 vir
262 1578 515 1616 celeberrimus
532 1578 576 1616 de
600 1578 789 1627 pericardii
812 1577 991 1627 glandulis
1007 1579 1052 1617 ad
1069 1579 1165 1618 basm
1189 1580 1308 1618 cordis
1324 1579 1394 1618 fitis
1410 1609 1420 1623 ‚
1456 1581 1493 1618 δε
1525 1593 1657 1631 aquam

76 1649 123 1675 eo
149 1637 249 1676 sacco
283 1645 492 1676 contentam
520 1637 828 1687 suppeditantibus
851 1637 977 1688 scripta
1001 1638 1154 1689 reliquit.
1198 1638 1292 1677 Eum
1313 1640 1434 1679 vitum
1460 1639 1519 1678 alii
1547 1640 1659 1680 secuti

75 1695 156 1734 sunt
177 1695 230 1748 (le
246 1696 275 1744 ).
313 1695 503 1746 Copiofius
521 1708 607 1734 vero
623 1698 677 1734 vir
691 1696 781 1735 olim
811 1697 1022 1746 magnificus
1039 1696 1070 1747 J.
1093 1697 1226 1735 Maria
1240 1697 1271 1739 L
1283 1710 1306 1736 A
1317 1710 1343 1736 N
1359 1712 1379 1737 c
1391 1712 1404 1737 1
1417 1712 1431 1736 s
1448 1711 1462 1736 1
1477 1711 1501 1737 u
1516 1712 1531 1737 s
1557 1699 1660 1748 glan-

77 1753 177 1793 dulas
202 1755 403 1805 descripfit,
436 1757 631 1794 anteriores
658 1755 763 1798 alias,
799 1756 862 1794 sub
890 1756 1103 1795 mediastino
1134 1756 1265 1808 positas
1288 1755 1394 1809 (l):
1431 1757 1514 1798 alias
1541 1758 1662 1808 postea'

77 1816 189 1852 riores
202 1843 211 1858 ,
233 1815 278 1852 ad
300 1822 437 1865 partem
452 1817 664 1853 interiorem
688 1815 884 1853 divisorum
905 1815 1157 1856 bronchorum
1175 1816 1325 1865 adjeCias
1339 1817 1360 1866 (
1375 1829 1410 1854 m
1425 1816 1446 1865 )
1463 1829 1472 1854 ε
1509 1817 1590 1855 alias
1620 1819 1661 1857 in

76 1880 176 1923 parte
200 1873 373 1924 superiori
393 1873 581 1925 pericardii
605 1876 746 1925 magnis
761 1876 896 1913 arteriis
916 1876 1065 1914 innexas
1089 1876 1126 1913 &
1143 1875 1315 1913 bronchis
1338 1878 1355 1924 (
1374 1888 1398 1912 n
1416 1875 1443 1922 ).
1479 1874 1543 1914 Eas
1559 1876 1661 1924 glan-

1087 1933 1125 1974 O
1158 1947 1181 1973 o
1247 1944 1265 1979 3
1597 1934 1664 1974 due

152 1990 196 2063 d)
220 1998 402 2059 :E'Lffvut
424 2030 457 2058 ae
473 2030 642 2060 nutritione.

120 2067 201 2106 (s)
227 2071 296 2098 Ant.
321 2069 356 2098 de
382 2069 443 2099 MA
458 2079 677 2100 senza-*rm
695 2070 725 2100 in
741 2069 814 2100 Phil.
833 2068 938 2109 Tranfi
956 2082 983 2101 n⁴
1003 2079 1069 2112 307.

120 2109 135 2144 (
152 2156 164 2178 t
183 2111 196 2144 )

152 2191 169 2219 h

84 2233 108 2261 c
187 2191 212 2260 ᾖ
223 2191 292 2265 Spissi
303 2191 342 2265 in8
355 2198 432 2221 aorta
446 2192 523 2221 canis
548 2192 688 2229 glandulae
703 2214 711 2228 ,
735 2201 771 2222 ne
796 2193 827 2222 in
842 2192 959 2224 homine
984 2193 1099 2232 quidem
1120 2193 1312 2233 infrequentes
1328 2217 1335 2232 ,
1361 2194 1382 2225 B
1400 2203 1417 2226 Α
1429 2203 1446 2224 n
1458 2203 1479 2224 τ
1494 2203 1515 2225 n
1527 2204 1545 2225 o
1562 2205 1578 2224 r.
1594 2203 1641 2226 tn
1653 2205 1666 2225 ς

107 2241 120 2260 e
141 2237 161 2261 t,
215 2253 223 2262 .
246 2241 269 2260 ,71
296 2252 300 2259 .
348 2240 374 2260 2.

122 2191 135 2226 (

121 2242 139 2260 n

122 2271 135 2307 (
157 2273 168 2299 i
226 2271 299 2300 Edit.
327 2271 400 2309 angl.
423 2281 451 2309 p.
478 2282 505 2308 4.
530 2272 603 2311 belg.
633 2283 660 2311 p.
684 2276 712 2304 6.

123 2311 136 2347 (
183 2311 501 2344 )Wzt.scr-11vs
529 2314 558 2343 in
581 2313 638 2344 tab.
665 2320 739 2344 anat.
769 2324 816 2349 42-
842 2315 869 2344 δι
896 2315 922 2345 P.
951 2314 1120 2347 Dionis
1150 2316 1170 2348 l.
1193 2327 1219 2350 c.
1243 2327 1271 2355 p.
1306 2320 1372 2355 426.
1401 2317 1452 2350 Pro
1480 2328 1512 2350 re
1536 2326 1595 2350 non
1618 2325 1668 2357 pec

82 2352 159 2382 nitus
175 2351 256 2381 firma
270 2351 368 2382 habuit
394 2352 418 2388 J.
439 2352 470 2383 C.
492 2353 510 2384 P
523 2364 540 2383 E
556 2364 577 2384 Y
596 2364 612 2383 Ε
627 2364 648 2384 R
671 2356 700 2384 in
722 2357 930 2386 Exercitation.
956 2357 1133 2389 Anotomicis
1149 2368 1177 2397 p.
1201 2367 1269 2397 117.

213 2393 288 2462 leed
313 2392 347 2462 ⁷}
372 2392 425 2423 111.
453 2393 473 2424 f.
497 2404 509 2425 1
539 2395 634 2433 potins
657 2397 742 2427 nimis
769 2395 940 2430 numerosas,

261 2443 267 2462 ι
292 2456 300 2464 .
338 2456 343 2461 .
368 2442 394 2463 2.

128 2473 135 2481 ‘
154 2435 204 2513 ²13
224 2473 295 2507 ibid.
321 2474 357 2505 ad
378 2473 461 2507 latus.
