2003 2748
325 157 512 205 'SECJZ
545 161 640 202 ΙΙΙ.
676 161 760 201 EX
787 152 1212 201 ARTERHSIN
1243 159 1466 199 VENAS.
1613 172 1693 204 219

113 257 239 297 teriam
261 258 393 297 sociam
407 259 614 309 premebat,
650 269 749 295 nunc:
767 256 938 305 sanguine
959 263 1119 304 turgeret
1137 255 1156 301 (
1172 257 1238 301 z).
1274 254 1362 292 Haec
1386 257 1482 292 enim
1505 255 1626 292 omnia
1644 255 1698 290 os-

113 319 292 362 tendunt,
325 330 369 355 ex
390 320 512 356 arteria
536 320 573 354 in
596 329 721 354 venam
742 316 951 364 sanguinem
973 318 1150 352 continuo
1163 314 1351 352 succedere
1366 343 1375 357 ,
1397 314 1559 364 nihilque
1571 326 1699 351 venitm

111 377 243 414 habere
257 406 266 420 ‚
301 376 365 414 nifi
393 377 494 426 quod
515 377 558 413 ab
584 377 707 412 arteria
726 376 864 422 accipit.

171 435 222 473 Eo
249 438 369 473 minus
397 436 482 473 huic
501 435 752 483 experimento
781 434 983 475 immoror,
1025 431 1125 480 quod
1152 440 1300 470 eventus
1326 434 1469 481 penitus
1495 432 1697 469 contrarios

113 495 171 532 alii
195 497 281 531 novi
298 495 464 543 equidem
490 493 628 530 inventi
650 492 835 529 adversarii
853 492 1084 540 protulerunt
1106 519 1114 533 ‚
1155 490 1188 528 R
1202 504 1214 527 1
1230 504 1251 528 0
1268 503 1287 527 L
1302 503 1324 527 A
1339 504 1362 527 N
1379 504 1398 527 u
1413 505 1426 528 s
1448 494 1464 539 ιζ
1478 504 1497 527 α
1515 492 1530 536 )
1553 493 1692 540 primo,

113 554 245 590 deinde
280 551 504 589 Homohonus
543 551 569 588 P
584 563 595 587 1
611 563 699 588 son
719 563 731 586 1
768 548 854 600 (h)
878 579 886 592 ‚
952 552 1115 587 arteriam
1170 550 1271 599 supra
1326 562 1366 587 os
1407 551 1511 597 pubis
1551 551 1697 598 ligatam

111 611 211 648 fuiffe
230 640 239 653 ‚
285 612 320 647 ἃ
351 620 471 647 tamen
508 622 554 647 ex
579 622 668 647 vena
691 609 842 658 saphena
868 609 993 650 incisa,
1028 608 1237 656 sanguinem
1264 608 1471 657 profluxiise
1502 609 1615 651 dixit,
1658 610 1695 645 δε

110 670 259 719 perinde
288 669 489 718 profluere,
524 668 549 705 fi
569 670 692 706 arteria
722 670 771 706 ob
791 668 998 717 aneurysma
1035 667 1160 704 resesta
1199 668 1314 705 fuerit.

168 728 205 765 Si
232 731 387 766 omnino
418 730 454 765 in
481 728 554 766 hoc
587 736 718 766 eventu
746 729 821 764 veri
850 727 938 776 quid
961 727 1099 769 subest,
1137 734 1176 764 ut
1199 728 1346 775 quidem
1370 726 1537 763 lubenter
1557 725 1696 764 dubita-

110 799 188 824 rem
208 816 217 830 ,
252 788 309 825 vel
333 790 486 825 omnino
514 789 541 824 is
563 789 670 824 unice
697 786 838 834 sanguis
860 786 1018 828 effluxit,
1058 787 1122 834 qui
1148 787 1185 822 in
1214 795 1344 823 trunco
1372 785 1532 834 saphenae
1551 785 1696 834 ejusque

110 858 210 884 venae
220 846 398 884 radicibus
409 847 536 896 praesto
550 854 622 883 erat
638 874 647 888 ,
673 847 706 885 ἃ
721 858 831 894 quem
847 845 986 882 dudum
999 846 1122 881 arteria
1134 857 1177 881 eo
1189 845 1346 886 miserat,
1370 844 1573 892 priusquam
1585 846 1697 880 vinci-

105 912 213 943 retur.
250 904 320 942 Vel
343 908 477 943 arteriae
500 905 615 953 ligatae
637 912 697 942 aut
718 904 850 941 resectae
872 912 1018 940 truncus
1041 904 1130 939 infra
1157 903 1298 946 sedem,
1340 915 1408 951 qua
1432 903 1616 939 vinculum
1641 905 1696 939 in-

106 964 237 1011 jeftum
249 972 309 1002 aut
319 967 443 1002 arteria
459 964 583 1001 resena
599 964 676 1006 fuit,
694 976 756 1012 per
768 962 1092 1000 anastomosessuas
1108 962 1318 1010 sanguinem
1331 963 1374 999 ab
1391 964 1432 998 iis
1446 964 1580 999 truncis
1597 974 1696 999 acce-*

105 1024 179 1071 pit,
195 1025 258 1072 qui
277 1023 378 1072 supra
393 1023 579 1061 vinculum
594 1014 794 1060 nascuntur.
828 1021 870 1058 In
886 1021 1074 1070 exemplo,
1102 1021 1241 1070 sanguis
1262 1024 1297 1058 in
1314 1023 1454 1058 arterias
1468 1021 1613 1058 femoris
1635 1034 1695 1059 ve-

108 1080 195 1118 niffe
223 1084 344 1130 po'tuit
363 1095 427 1131 per
454 1083 616 1119 arteriam
641 1081 953 1130 hypogastricam,
996 1080 1140 1129 ejusque
1165 1093 1284 1117 ramos
1314 1081 1558 1118 obturatorios
1583 1081 1692 1128 (c),

107 1140 316 1178 ischiadlcos
343 1142 398 1187 (d
415 1140 454 1189 ),
488 1140 799 1178 haemorrhoideos
823 1143 871 1186 (e
887 1137 902 1187 )
918 1167 927 1181 ,
958 1139 993 1175 &
1014 1140 1136 1176 iliacos
1152 1141 1366 1188 posteriores
1387 1137 1499 1187 (f),
1532 1141 1593 1188 qui
1610 1146 1695 1177 cuni

107 1199 286 1247 profunda
306 1199 454 1236 femoris
471 1199 560 1246 (g)
580 1199 616 1235 ἃ
637 1198 867 1236 circumflexa
883 1199 1021 1234 interna
1042 1199 1133 1245 (h)
1163 1199 1200 1235 Sc
1227 1207 1373 1236 externa
1395 1199 1464 1245 (i)
1496 1201 1590 1236 varie
1605 1211 1698 1237 con-

107 1258 308 1312 jungunt-ur
326 1287 336 1301 ‚
371 1266 410 1296 ut
434 1260 595 1295 minores
620 1257 754 1307 aliquas
778 1258 1132 1294 communicationes
1154 1259 1300 1294 interim
1322 1259 1501 1295 omittam.

351 1380 384 1422 §.
417 1375 509 1415 ΙΙΙ.
573 1374 653 1423 Ntfi
676 1376 808 1413 rediret
826 1374 977 1423 sanguis
995 1375 1092 1412 cordi
1117 1366 1455 1424 nul'lnsszsppeteret.

169 1497 290 1542 Quare
310 1495 375 1531 alia
404 1488 650 1543 experimenta
676 1494 900 1543 proferemus
917 1508 927 1535 ς
965 1505 984 1530 a
1016 1494 1119 1541 copia
1151 1487 1330 1541 sanguinis
1361 1487 1509 1542 repetita
1530 1522 1539 1536 ,
1582 1500 1695 1544 quem*

110 1562 207 1592 aorta
229 1555 366 1602 accipit.
402 1552 445 1590 Et
470 1555 588 1602 primo
620 1553 759 1601 sanguis
785 1565 847 1601 per
867 1553 1008 1588 arterias
1039 1553 1200 1588 celeriter
1231 1560 1399 1589 movetur
1416 1580 1424 1594 ,
1466 1554 1501 1588 &
1530 1555 1604 1599 ejus
1625 1568 1692 1592 un„

109 1614 154 1650 da
176 1614 267 1650 adeo
290 1624 421 1660 magna
442 1613 490 1649 est
509 1641 518 1653 ‚
558 1620 598 1650 ut
625 1614 779 1649 omnino
805 1613 896 1648 intra
922 1609 1122 1658 pauciffiina
1141 1610 1238 1647 horae
1261 1613 1399 1649 minuta
1418 1612 1602 1649 vulnerato
1625 1614 1692 1650 ho-

109 1675 199 1708 mini
226 1671 458 1709 moriendum
478 1670 580 1714 effer,
610 1670 675 1708 nifi
692 1671 777 1708 loco
790 1670 969 1718 sanguinis
981 1681 1044 1718 per
1061 1672 1203 1707 arterias
1223 1670 1355 1714 emissi,
1395 1671 1481 1709 alius
1506 1684 1569 1721 per
1586 1684 1691 1711 venas

110 1731 154 1768 ad
180 1743 244 1768 cor
259 1731 392 1768 rediret
414 1730 469 1776 (A
486 1730 517 1778 )’.

170 1789 376 1828 Accuratius
401 1790 650 1838 experimento
676 1792 828 1826 utemur.
865 1788 995 1826 Cordis
1020 1788 1167 1825 humani
1191 1790 1412 1827 ventriculus
1442 1787 1575 1827 sinister
1605 1803 1696 1829 con-2·

109 1850 199 1886 tinet
217 1849 302 1887 duas
331 1849 404 1886 fere
423 1851 544 1886 uncias
567 1848 636 1897 (l)
662 1848 863 1897 sanguinis,
893 1855 952 1884 aut
975 1847 1159 1896 aliquanto
1179 1848 1260 1897 plus
1284 1848 1454 1887 minusve.
1488 1848 1590 1887 Idem
1606 1863 1695 1887 ven

1632 1911 1696 1946 tri*

253 1965 370 1994 ἉῙιιηίι
389 1963 476 2000 fund.
504 1966 605 2000 Plemp.
630 1973 656 2000 p.
684 1965 749 2000 144.

215 2005 228 2040 >
253 2005 298 2033 W
310 2012 451 2033 ALAEUS
475 2004 494 2032 1.
518 2015 540 2034 c
565 2015 594 2042 p.
624 2012 693 2041 413.
720 2005 862 2034 Numeros
880 2003 1075 2041 praetermissos
1097 2004 1200 2040 adjeci.-

216 2045 352 2080 >Nona
375 2046 405 2071 in
427 2046 447 2074 Ῑ.
471 2054 559 2073 exerc.
587 2046 703 2074 Hzrvei.
731 2047 764 2073 de
786 2051 865 2073 motu
878 2046 952 2073 cmmd
976 2054 1097 2082 p.111.

215 2082 392 2122 )Disqufit.
422 2084 438 2113 1.
463 2094 486 2114 c.
511 2094 536 2122 p.
559 2088 627 2119 406.

220 2123 357 2162 )Fccscic.
385 2126 456 2154 icon.
486 2131 565 2154 anat
593 2125 626 2154 V.
646 2124 679 2154 T.
709 2124 743 2155 II.
768 2123 788 2153 δ.
808 2127 841 2157 ψ.
866 2138 892 2152 ω
913 2125 943 2153 3.

220 2163 358 2203 )Γι]ι“ιέ.
383 2166 415 2194 V.
435 2175 462 2203 p.
488 2175 529 2202 13.
558 2167 631 2196 Ταῦ.
657 2173 729 2202 corp
754 2173 806 2196 tot.
826 2166 891 2204 post.
913 2174 940 2203 p.
957 2176 985 2205 q
1006 2176 1030 2195 r.
1060 2167 1115 2197 δια

224 2207 236 2243 )
258 2206 331 2236 Ibid.
357 2216 384 2243 p.
414 2216 455 2242 ¹4-
479 2205 514 2236 T.
543 2217 566 2242 3.
598 2208 625 2235 d.

222 2247 235 2283 )
258 2244 361 2284 Fascic.
390 2246 421 2275 V.
446 2257 472 2284 p.
503 2256 545 2281 ις.
569 2248 637 2277 Tul).
661 2254 731 2284 corp.
752 2253 802 2276 tot.
825 2257 837 2275 e
861 2247 914 2277 διο.

218 2287 230 2323 )
251 2285 355 2325 Γιψὲἰε
377 2287 411 2317 V.
493 2286 546 2318 HI.
563 2298 589 2316 2.
617 2287 651 2317 T.
678 2288 714 2317 H.
743 2298 760 2315 ε.
790 2288 861 2317 Tull.
883 2296 953 2325 corp.
971 2293 1029 2318 ·tot.
1054 2301 1070 2317 ε.
1090 2293 1109 2323 54⁴

221 2329 235 2361 )
257 2326 328 2357 stud.
351 2327 385 2357 T.
413 2337 437 2364 3.
434 2287 487 2358 ΤΙε.
504 2329 530 2358 d.
555 2330 626 2358 Tala.
651 2337 722 2366 corp.
746 2334 796 2358 tot.
820 2339 842 2358 r.
870 2340 892 2359 r.
906 2340 937 2366 y.
951 2339 984 2366 gy.

192 2366 323 2404 >lbid.
346 2378 372 2405 p.
402 2377 446 2406 ¹5

220 2409 232 2444 )
257 2408 346 2438 Valde
362 2409 417 2439 hoc
435 2415 633 2446 argumentum
652 2410 718 2440 ursit
736 2410 763 2440 H
777 2421 794 2439 A
807 2421 825 2439 r.
839 2421 856 2439 v
869 2421 883 2440 ε
898 2422 908 2441 ι
920 2422 939 2442 υ
952 2422 963 2442 s
987 2421 1010 2443 c.
1035 2421 1060 2448 9.
1082 2414 1133 2443 tot.

214 2449 226 2486 )
250 2451 283 2479 ΡΙ
285 2451 338 2480 im.
359 2451 408 2480 lin.
430 2449 542 2490 phpfiol.
568 2461 596 2481 n.
626 2456 692 2487 108.
721 2461 787 2489 ης.
812 2453 864 2482 &a

1153 2500 1303 2557 Ee}
