2003 2748
365 128 1375 172 SECTILCORDISAURICULAE'
1576 141 1652 178 303

68 232 160 281 prias
187 228 453 268 observationes
478 235 747 267 coaetaneorum
773 227 989 276 scriptorum
1016 238 1175 264 errorem
1210 226 1422 275 redarguit,
1473 225 1657 277 bonasque

75 291 176 328 dedit
196 291 319 326 icones
343 289 399 335 [z
414 291 440 337 ].
476 288 528 326 Ita
553 290 589 325 δε
610 288 713 326 CAN
728 299 751 323 T
767 299 779 323 1
801 299 821 323 υ
835 300 849 323 s
873 285 1008 335 scripsit
1032 286 1109 334 [a]
1127 314 1136 328 ‚
1179 287 1215 322 &
1239 285 1311 323 fuse
1327 314 1336 328 ,
1370 297 1511 335 proque
1531 288 1583 324 rei
1603 288 1656 324 di-

77 351 234 399 gnitate,
250 349 291 396 J.
316 348 495 395 Benigmts
514 345 573 384 W
586 359 597 383 1
612 358 637 383 N
652 359 666 383 s
682 359 701 382 L
715 357 737 382 0
751 358 788 383 w
805 344 861 395 [h
877 345 899 395 ]
913 373 921 387 ‚
942 344 1113 394 idemque
1135 346 1285 382 nomina
1306 346 1593 384 ventriculorum
1611 347 1656 385 ad

76 416 239 446 naturam
260 407 488 449 reformavit,
515 418 625 455 quem
641 407 885 442 recentiorum
902 411 1042 441 caterva
1059 407 1154 449 [c],
1182 412 1222 442 ut
1234 404 1307 441 fere
1328 404 1439 448 solet,
1460 405 1578 444 secuta
1592 407 1650 444 est.

136 466 205 506 Etfi
229 468 288 504 hic
313 467 467 504 omnino
490 477 593 502 verus
618 464 737 501 cordis
761 463 844 501 situs
865 463 936 505 est,
976 465 1013 500 in
1038 475 1075 500 re
1098 470 1219 500 tamen
1247 464 1283 500 δε
1312 465 1348 500 in
1368 464 1626 514 phyfiologicis
1641 494 1653 509 ,

77 528 113 564 &
142 529 179 564 in
205 525 465 574 adgnoscendis
497 523 616 561 cordis
644 523 782 560 morbis
806 524 930 571 magni
954 524 1162 564 momenti,
1199 523 1331 560 addere
1363 526 1517 562 omnino
1545 537 1655 574 opor-

75 593 149 628 tet,
189 596 264 633 quo
286 583 400 621 modo
426 585 455 620 is
482 582 565 621 fitus
590 589 759 620 mutetur.
795 580 839 618 Et
871 583 1052 631 primum,
1098 593 1183 619 cum
1210 582 1299 631 septi
1335 582 1516 620 transverfi
1547 592 1654 622 motu

72 656 149 681 non
178 643 296 692 potest
313 655 390 680 non
420 642 525 683 etiam
562 654 626 680 cor
649 641 769 679 sedem
794 640 893 678 suam
916 648 1076 683 mutare,
1121 642 1241 679 minus
1269 643 1307 678 in
1331 641 1414 679 sano
1437 643 1588 680 homine
1616 645 1654 680 &

73 705 212 752 exiguis
243 702 559 752 inspirationibus,
603 703 718 750 magis
750 702 787 736 in
811 700 986 743 homine,
1026 701 1089 749 qui
1116 712 1200 738 cum
1231 703 1468 739 contentione
1490 702 1654 751 spiritum

71 763 180 800 ducit.
216 761 357 800 Mirum
375 761 445 804 est,
469 773 587 810 neque
608 762 640 798 ei
661 759 831 798 credibile
845 788 856 802 ,
882 761 945 809 qui
967 772 1157 809 nunquam
1174 760 1288 803 vidit,
1323 773 1431 810 quam
1458 762 1655 800 vehemem

69 829 124 860 ter
148 833 232 859 cum
256 821 358 871 septo
379 819 573 858 transverso
589 848 598 861 ‚
635 819 722 857 dum
744 819 875 856 animal
903 831 1022 856 aerem
1055 819 1233 862 adtrahit,
1273 832 1337 858 cor
1361 820 1553 864 deorsum,
1598 834 1655 859 re-

70 880 298 930 trorsumque
317 887 527 917 moveatur:
562 891 670 928 quam
692 878 870 915 violenter
887 877 1036 916 demum
1051 906 1060 920 ,
1082 878 1170 915 dum
1197 879 1322 927 pec‘tus
1350 881 1387 916 in
1415 880 1653 929 exspiratione

67 940 243 983 aretatur,
280 939 415 978 sursum
442 940 479 976 δε
504 938 705 976 antrorsum
735 937 925 975 revellatur
959 937 1014 983 [d
1028 937 1042 984 ]
1062 965 1071 979 ‚
1111 938 1148 974 δε
1176 937 1220 974 de
1248 938 1393 986 pettore
1417 941 1648 988 exprimatur.

127 999 243 1037 Porro
269 1000 399 1047 jacenti
423 998 566 1035 homini
597 998 633 1034 ὃς
655 997 783 1046 supino
814 997 858 1033 de
879 997 998 1033 sterno
1017 996 1061 1033 ad
1080 995 1174 1033 dorsi
1196 996 1333 1045 spinam
1353 997 1451 1035 idem
1475 1011 1540 1037 cor
1565 1000 1652 1038 rela-¹

67 1060 166 1099 bitur
181 1087 190 1101 ,
225 1059 261 1095 ὃς
279 1056 319 1095 ἰη
345 1064 482 1094 aortam
503 1057 698 1094 decumbit.
735 1055 897 1101 Quando
914 1055 1116 1093 antrorsum
1137 1068 1268 1104 corpus
1289 1057 1525 1100 inclinamus,
1554 1059 1652 1097 idem

67 1118 112 1156 ab
131 1126 229 1155 aorta
246 1116 412 1166 prorsum
427 1145 436 1159 ‚
471 1115 659 1164 versusque
681 1116 839 1153 sternurn
865 1115 1028 1152 declinat.
1067 1115 1229 1161 Quando
1244 1116 1393 1154 demum
1419 1119 1455 1154 in
1481 1118 1653 1157 dextrum

67 1176 158 1214 latus
189 1177 284 1214 strati
305 1175 474 1213 somnum
499 1177 659 1224 capimus
675 1203 684 1216 ‚
720 1181 840 1212 totum
865 1186 928 1213 cor
949 1174 992 1211 ad
1013 1170 1125 1211 costas
1151 1176 1225 1221 ejus
1246 1175 1335 1212 sedis
1361 1176 1651 1227 pulmonemque

66 1237 208 1284 vergit,
247 1234 425 1272 sinistrum
448 1246 536 1271 vero
559 1233 774 1283 pulmonem
802 1233 951 1279 liberat3
990 1233 1026 1269 ὃς
1055 1232 1212 1270 vicissim.
1250 1233 1320 1271 Sed
1347 1237 1453 1272 etiam
1487 1248 1505 1272 a
1537 1239 1652 1285 turgi-

66 1295 117 1333 do
144 1294 344 1332 ventriculo
365 1306 495 1331 mucro
522 1293 642 1331 cordis
671 1292 806 1330 sursum
832 1292 955 1341 repelli
972 1292 1112 1340 potest,
1152 1299 1192 1331 ut
1220 1294 1364 1330 interim
1387 1293 1474 1332 basis
1507 1295 1652 1335 descen-³

67 1355 150 1392 dat:
188 1361 309 1392 totum
337 1365 425 1391 vero
454 1353 589 1391 sursum
612 1353 819 1394 removeri,
857 1352 1004 1401 quando
1021 1361 1144 1389 uterus
1170 1352 1364 1400 gravidus,
1401 1354 1538 1403 aliaque
1568 1367 1652 1393 cau-

66 1413 99 1450 sa
130 1413 312 1450 abdomen
342 1413 504 1462 undique
527 1411 730 1449 distendens
762 1411 993 1460 diaphragma
1017 1410 1151 1449 sursum
1182 1421 1296 1460 urget.
1343 1412 1445 1450 Idem
1472 1413 1650 1452 exhaustis

67 1471 184 1510 subito
209 1472 497 1522 hydropicorum
523 1472 624 1520 aquis
659 1472 696 1507 in
724 1470 907 1507 abdomen
930 1469 1113 1508 descendit
1133 1498 1142 1512 ,
1179 1470 1337 1520 aliosque
1365 1484 1449 1509 cum
1470 1472 1538 1510 suis
1563 1473 1650 1510 valis

65 1531 219 1579 angulos
239 1531 348 1574 facit,
388 1538 599 1579 aortamque
624 1529 743 1566 secum
765 1529 928 1567 detrahit.
965 1528 1061 1566 Alibi
1091 1529 1323 1568 ostendemus
1340 1558 1349 1573 ,
1389 1531 1505 1581 qualia
1530 1533 1650 1573 coros!

65 1591 149 1629 [aria
173 1603 218 1628 ex
243 1590 297 1629 his
319 1589 629 1630 observationibus
655 1588 854 1638 sequantur„

654 1702 686 1746 ς.
729 1699 747 1738 Ι
761 1698 807 1739 V.
877 1698 1048 1750 Vinosae·

120 1820 249 1860 Rarior
277 1822 350 1865 est,
391 1822 427 1860 &
460 1821 616 1870 aliquam
641 1818 883 1857 curiofitatem
911 1825 1094 1863 meretur,
1139 1820 1258 1858 cordis
1291 1821 1449 1860 inversus
1466 1822 1573 1865 finis,
1609 1829 1650 1862 ut

64 1893 240 1918 mucrone
266 1881 329 1919 suo
357 1883 395 1918 in
419 1881 582 1918 dextram
604 1878 757 1928 penoris
782 1891 926 1916 caveam
950 1879 1198 1928 producatur,
1239 1880 1324 1918 bafis
1350 1883 1388 1918 in
1413 1881 1544 1919 sinistra
1567 1882 1648 1919 sede

65 1937 130 1982 fit,
166 1947 272 1988 atque
301 1953 371 1977 una
396 1941 519 1977 omnia
543 1938 643 1980 vasa,
686 1939 722 1974 δε
752 1938 957 1975 abdominis
977 1938 1106 1977 viscera
1130 1951 1148 1975 a
1166 1939 1299 1976 dextris
1325 1940 1369 1977 ad
1394 1940 1525 1978 sinistra
1541 1940 1647 1978 trans-

64 1997 228 2035 ferantur.
265 1998 415 2048 Aliquot
438 1996 602 2046 exempla
624 1996 732 2043 hujus
757 1993 991 2037 monstrificae
1015 1999 1051 2035 &
1077 2005 1239 2036 connatae
1256 1998 1395 2037 fabricae
1412 1999 1426 2046 [
1441 2002 1484 2048 e]
1507 2001 1659 2053 reperi,

283 2070 293 2076 .
1569 2071 1647 2110 quae

211 2110 346 2150 Thqsizur.
368 2119 447 2142 anat.
480 2111 525 2142 1V.
551 2111 586 2142 T.
611 2110 662 2141 ῙΙῙ.

205 2155 302 2190 Impet.
321 2161 400 2183 anat.
428 2154 462 2184 T.
484 2152 539 2183 IV.

103 2110 181 2148 (2)

102 2155 183 2187 (a)

103 2193 421 2229 (b)W1NsLow
442 2196 532 2225 Μεηι.
560 2193 577 2223 l.
607 2204 630 2223 c.
657 2191 754 2232 Expofi
780 2194 798 2224 l.
828 2203 852 2223 c.
883 2203 910 2223 n.
938 2203 986 2231 75.

101 2235 149 2309 {c
171 2236 183 2270 )
207 2234 473 2269 CuzseznzN
502 2235 518 2268 l,
544 2244 567 2264 c.
598 2234 633 2276 ‘L
658 2235 741 2269 xxi.
768 2233 1269 2274 Ganexossorsplanchnolog.
1294 2237 1329 2267 T.
1361 2236 1397 2269 ll.
1419 2238 1454 2268 T.
1485 2248 1529 2268 ιτ.
1558 2247 1604 2277 14.

165 2276 176 2311 )
199 2275 272 2305 Vide
296 2275 324 2304 in
338 2274 443 2314 second
466 2278 559 2307 fldem.
576 2273 633 2315 ficr
649 2277 684 2304 les
703 2278 811 2313 parties
827 2277 968 2305 irritaihles
984 2275 1022 2312 (ἐξ
1035 2273 1162 2314 finsthles
1189 2277 1259 2315 Exp.
1292 2287 1357 2316 507.
1386 2285 1453 2317 508.
1482 2290 1547 2317 509.

103 2315 174 2351 (e)
197 2316 229 2345 M
242 2326 258 2344 ε
273 2326 292 2343 N
307 2326 326 2344 T
341 2326 356 2344 ε
372 2327 439 2346 LlU
452 2328 464 2347 s
491 2318 518 2347 in
547 2316 654 2351 scriptis
682 2326 748 2346 cum
770 2317 785 2345 Ρ
798 2327 842 2346 ες
857 2326 909 2350 QU
924 2328 936 2346 ε
950 2325 969 2344 Τ
985 2327 993 2345 1
1021 2317 1079 2347 diff.
1100 2317 1182 2347 editis
1209 2328 1284 2347 anno
1316 2324 1402 2357 1654.
1427 2330 1451 2357 pi
1491 2326 1554 2356 ¹46·
1581 2324 1644 2352 Fu:

60 2355 171 2386 aericus
192 2356 219 2385 H
233 2367 250 2385 o
264 2367 277 2385 ι’
290 2367 311 2385 M
327 2367 346 2385 A
360 2367 379 2385 N
392 2368 410 2385 N
423 2368 447 2387 u
458 2370 468 2388 s
499 2357 660 2393 celebrioris
678 2359 818 2387 Friderici
840 2365 920 2394 pater
934 2380 942 2392 ,
971 2357 998 2386 in
1017 2355 1226 2394 καρὲικναςροφκς
1243 2361 1406 2392 admiranda
1422 2361 1533 2392 historia
1547 2386 1555 2399 ,
1581 2373 1646 2392 cum

63 2405 116 2434 qua
137 2397 260 2427 conferri
281 2397 377 2439 *potest
404 2398 448 2435 Cl.
471 2399 539 2428 olim
568 2398 602 2429 m
614 2407 633 2427 o
645 2409 663 2430 ε
680 2409 696 2428 L
709 2408 748 2429 Lu
760 2410 778 2429 n
794 2409 810 2428 Β
828 2408 877 2434 130
892 2409 906 2430 ι
923 2408 970 2429 CK
988 2399 1018 2429 in
1034 2400 1101 2438 Eph.
1134 2402 1204 2434 Nat.
1223 2404 1291 2434 Cur.
1304 2404 1373 2436 Dec.
1397 2401 1420 2432 Ι.
1441 2413 1508 2435 ann,
1531 2403 1566 2434 ss.
1590 2402 1644 2440 02:21

1594 2449 1641 2483 76-
1657 2464 1664 2476 ι
