2003 2748
394 152 590 197 SETC.
641 155 748 194 III.
813 152 1302 194 LYMPHATICA.
1567 161 1646 197 ¹57

62 261 194 304 ceptae,
224 251 310 290 hinc
330 250 476 291 nodosae
491 281 502 295 ‚
535 246 581 289 e'x
603 248 750 289 minutis
769 250 934 288 radiculis
957 252 994 287 in
1012 249 1199 288 trunculos
1215 248 1367 295 majores
1387 274 1396 289 ‚
1428 238 1538 296 inque
1559 245 1647 283 duc-

63 320 142 351 tum
169 314 393 351 thoracicum
418 324 463 352 eo
496 312 695 359 majoribus
718 308 942 347 confluentes
969 309 1128 351 truncis,
1162 318 1239 356 quo
1261 306 1346 344 huic
1362 305 1482 344 dudlui
1496 306 1647 355 propio-

63 384 119 412 res
141 372 230 410 sunt.
265 371 450 420 Ejusmodi
472 382 572 408 venae
589 370 816 418 reperiuntur
843 370 880 405 in
895 368 1066 410 homine,
1107 369 1145 403 in
1170 366 1382 403 animalibus
1404 364 1646 415 quadrupedi<
1694 415 1698 418 ὓ

62 431 131 469 bus
152 432 317 481 viviparis
332 458 341 473 ‚
379 432 416 468 in
434 429 624 478 amphibiis
652 427 706 468 (71
726 428 746 476 )
780 426 1002 477 piscibusque
1029 426 1133 464 calidi
1157 425 1346 474 sanguinis.
1385 424 1456 461 Sed
1484 426 1591 462 etiam
1611 425 1649 462 in

63 491 213 533 avibus,
248 489 309 526 etsi
337 489 505 526 nondum
531 488 608 525 haec
631 486 775 524 historia
796 486 874 523 satis
899 486 1091 524 constituta
1112 485 1161 522 est
1177 514 1186 528 ,
1221 485 1367 533 vestigia
1391 483 1518 522 harum
1536 496 1649 521 venu-

65 548 180 588 larum
203 555 341 596 reperta
353 547 454 589 sunt,
489 553 531 584 uc
554 548 592 583 in
613 545 923 583 struthio-camelo
945 544 1057 593 (0),
1094 546 1133 581 in
1151 542 1248 593 gallo
1274 545 1291 590 (
1303 550 1329 590 p
1348 545 1365 590 )
1392 543 1574 592 denique:
1604 541 1648 580 Ee

65 610 104 645 in
123 620 162 645 ea
189 606 337 655 quidem
357 618 420 643 ave
443 605 573 655 absque
599 604 746 643 valvulis
763 633 772 648 ,
816 604 1013 653 analogum
1038 611 1159 641 tamen
1184 614 1271 641 vero
1293 602 1477 640 valvuloso
1505 601 1648 640 ramulo

64 665 290 718 lymphatico
303 693 313 708 ‚
341 664 522 704 vasculum
536 676 652 714 nuper
668 664 741 712 (q)
762 663 941 701 ostensum
958 663 1016 700 est.
1054 662 1219 701 Demum
1234 664 1271 699 in
1290 661 1417 711 hepate
1431 661 1532 710 piscis
1550 662 1648 698 orbis

65 725 169 772 (r),
207 726 268 774 qui
293 724 416 773 frigidi
433 724 613 773 sanguinis
631 724 700 765 est,
739 723 814 760 vasa
825 723 1042 772 lymphatica
1072 722 1161 760 vidit
1184 750 1194 765 ‚
1231 732 1310 771 quae
1342 721 1550 771 aliquandiu
1580 732 1648 769 pro

64 783 182 824 lae'teis
212 784 336 822 habuit
361 812 371 826 ,
413 781 501 822 alter
542 785 776 821 inventorum
817 782 970 820 Thomas
1008 780 1069 820 BA
1086 794 1109 818 R
1123 793 1217 818 Tiro
1231 792 1251 817 L
1266 792 1278 816 1
1292 792 1316 816 N
1333 792 1354 817 u
1367 793 1392 817 s.
1448 779 1490 817 In
1520 780 1651 816 muste-

65 842 98 882 la
135 842 296 880 fluviatili
332 844 349 891 (
379 854 395 880 s
421 845 438 889 )
476 854 592 880 unum
631 844 802 891 utrinque
841 841 1024 879 vasculum
1067 840 1331 890 lymphaticum
1371 846 1429 877 tot
1473 838 1652 875 interstin-

67 902 164 941 {lum
195 901 343 940 valvulis
360 929 370 944 ,
413 908 504 951 quot
531 902 612 940 sunt
635 901 818 939 interstitia
839 899 1106 942 musculorum,
1145 898 1361 947 descriptum
1397 898 1456 934 est.
1511 896 1651 936 Verum

66 961 107 998 id
132 960 296 998 vasorum
318 973 435 1010 genus
458 961 516 998 alii
545 961 590 998 ad
611 960 804 998 muciferos
830 959 967 997 canales
994 958 1156 996 referent.
1192 957 1235 995 In
1265 957 1431 1005 anguillis
1453 955 1578 993 du&us
1604 956 1651 993 al-

67 1021 136 1059 bos
146 1032 210 1069 per
228 1020 415 1062 intestina,
451 1021 658 1057 arteriarum
681 1020 717 1056 &
739 1031 913 1056 venarum
936 1018 1052 1056 socios
1070 1019 1244 1055 excitatos
1262 1017 1380 1064 lego(
1397 1021 1412 1052 t
1432 1014 1469 1064 )‚
1492 1017 1550 1052 cui
1572 1016 1651 1064 qui-

69 1079 154 1116 dem
173 1078 258 1128 pisci
280 1086 447 1127 argentea
462 1106 471 1121 ,
495 1079 680 1128 peculiaris
691 1077 890 1127 splendoris
903 1106 912 1120 ,
936 1076 1072 1114 vascula
1084 1076 1164 1115 sunt
1176 1106 1185 1120 ,
1216 1088 1295 1125 quae
1309 1083 1430 1112 tamen
1446 1086 1565 1123 neque
1581 1074 1652 1111 val-

68 1138 167 1175 vulas
192 1138 349 1180 habent,
386 1149 506 1187 neque
528 1137 835 1186 lymphaticorum
854 1135 933 1173 satis
956 1134 1078 1173 similia
1101 1136 1189 1173 sunt.
1225 1134 1389 1172 Demum
1411 1136 1448 1171 in
1467 1134 1650 1182 bombyce

69 1196 92 1242 (
110 1208 134 1232 u
153 1194 168 1244 )
199 1208 242 1232 ex
260 1195 476 1233 insed'torum
490 1208 623 1244 genere
639 1224 648 1239 ,
681 1195 898 1245 lymphatica
921 1194 1056 1232 vascula
1071 1195 1162 1232 dicia
1182 1194 1349 1235 fuerunt,
1386 1205 1405 1229 e
1425 1194 1554 1242 quibus
1570 1192 1652 1240 glu-

68 1253 181 1292 einosa
201 1253 349 1305 lympha
371 1256 410 1292 in
429 1254 580 1292 sericum
600 1249 736 1292 abitura
761 1254 913 1292 ducitur.
959 1253 1030 1290 Sed
1053 1254 1088 1291 &
1118 1253 1177 1290 hic
1196 1251 1311 1290 laxius
1331 1251 1404 1289 hoc
1432 1263 1569 1289 nomen
1593 1251 1650 1289 su-

67 1315 188 1352 mitur.
225 1313 349 1359 Quare
361 1314 406 1351 de
418 1313 709 1363 quadrupedibus
732 1314 768 1351 &
790 1313 1001 1353 animalibus
1026 1304 1131 1350 calidi
1151 1312 1330 1360 sanguinis
1343 1338 1353 1353 ,
1373 1309 1650 1360 quadrupedum

68 1373 245 1422 pulmone
267 1372 330 1411 suo
355 1373 527 1411 similibus
544 1402 554 1416 ,
593 1385 649 1411 res
676 1380 772 1411 certa
798 1373 871 1414 est,
906 1371 1037 1409 habere
1066 1371 1284 1421 lymphatica
1313 1369 1411 1412 vasa,
1450 1370 1496 1407 “de
1526 1370 1649 1407 avibus
1672 1377 1676 1381 ’

67 1433 196 1481 incipit
213 1432 367 1481 speciem
386 1432 539 1475 habere,
577 1432 622 1470 de
647 1432 799 1482 piscibus
824 1431 963 1479 frigidis
984 1432 1152 1469 nondum
1177 1430 1256 1467 satis
1277 1437 1376 1467 certo
1403 1430 1573 1467 innotuit.
1673 1429 1677 1433 ’

70 1507 110 1547 5
128 1488 330 1540 Antiquitas
358 1493 478 1529 tenuia
499 1492 663 1541 quaedam
686 1490 850 1528 vasorum
876 1489 982 1537 hujus
1009 1491 1150 1538 generis
1179 1489 1324 1536 vestigia
1352 1488 1506 1537 reliquit.
1541 1487 1584 1525 In
1609 1488 1651 1524 li-

71 1551 138 1588 bro
155 1578 165 1592 ‚
200 1551 264 1598 qui
289 1551 382 1588 inter
404 1549 441 1588 H
454 1562 467 1586 1
481 1562 500 1586 ι»
512 1561 531 1586 1³
543 1561 566 1587 ο
580 1562 600 1587 c
615 1562 637 1586 R
649 1561 672 1587 A
683 1562 707 1586 'r
722 1562 735 1586 1
754 1561 774 1586 c
788 1561 811 1586 o
823 1561 838 1585 s
870 1549 918 1586 est
934 1576 944 1590 ,
976 1548 1096 1597 spurio
1120 1555 1259 1590 tamen,
1288 1546 1406 1596 aliqua
1420 1546 1591 1595 leguntur
1607 1547 1653 1584 de
1675 1547 1679 1550 ’

66 1608 324 1657 glandularum
343 1608 515 1657 sanguine
534 1608 616 1646 albo
633 1637 643 1652 ,
679 1609 716 1646 &
742 1609 878 1657 pituitae
902 1606 1006 1644 fimili
1028 1607 1116 1654 (x)
1137 1620 1145 1644 :
1183 1607 1220 1644 &
1248 1606 1332 1643 alibi
1359 1605 1490 1643 dicitur
1505 1635 1515 1648 ,
1553 1605 1655 1654 glan-

70 1668 170 1706 dulas
195 1666 323 1717 pressas
349 1667 514 1706 oleosum
533 1667 728 1705 humorem
743 1667 893 1704 reddere
914 1668 931 1713 (
939 1678 965 1712 y
981 1667 1012 1714 ).
1047 1665 1112 1704 Eas
1128 1678 1237 1704 voces
1255 1664 1326 1704 huc
1344 1664 1450 1703 trahit
1469 1664 1535 1702 Vir
1552 1662 1656 1703 Doc-

70 1726 219 1765 tiffimus
242 1726 336 1771 Phil.
362 1725 520 1774 jacobus
543 1726 580 1764 H
590 1739 613 1763 A
625 1739 648 1764 a
660 1739 684 1763 T
697 1738 726 1763 M
740 1738 761 1763 Α
775 1738 799 1763 N
816 1737 851 1763 N.
888 1725 958 1763 Sed
974 1727 1081 1763 etiam
1101 1725 1132 1766 A
1147 1738 1170 1762 R
1184 1737 1197 1761 1
1211 1738 1226 1762 s
1239 1736 1264 1761 T
1278 1737 1300 1761 o
1312 1736 1335 1760 T
1349 1736 1368 1761 E
1384 1736 1404 1760 L
1418 1736 1438 1761 e
1450 1737 1465 1761 s
1483 1723 1587 1761 fibras
1601 1726 1657 1761 in-

70 1792 125 1824 tet
143 1787 283 1824 arterias
304 1785 481 1838 venasque
501 1786 658 1824 mediam
678 1792 842 1823 naturam
869 1784 1042 1823 habentes
1055 1813 1064 1828 ‚
1102 1786 1140 1822 in
1162 1795 1314 1834 quarum
1338 1782 1524 1821 nonnullis
1546 1782 1656 1821 sanies

71 1844 113 1883 fit
142 1845 234 1894 (z)
250 1873 261 1889 ‚
296 1845 429 1884 alicubi
453 1845 559 1888 citat,
591 1858 671 1895 quae
693 1852 789 1884 certe
809 1856 915 1882 voces
938 1843 982 1881 ad
1005 1844 1223 1894 lymphatica
1237 1871 1247 1886 ‚
1283 1850 1342 1892 aut
1363 1844 1573 1880 tenuiorum
1593 1854 1656 1891 ge-

72 1916 201 1943 nerum
227 1904 363 1942 vaseula
376 1933 386 1947 ‚
421 1906 601 1954 pertinere
622 1905 800 1943 videntur.
834 1903 1049 1942 Laaeorum
1061 1903 1227 1942 vasorum
1247 1903 1476 1952 antiquitates
1495 1902 1651 1944 omitto,

71 1962 135 2013 ‚etsi
160 1975 199 2000 ea
226 1965 380 2005 omnino
404 1963 450 2001 de
473 1964 697 2013 lymphatico
725 1975 837 2012 grege
863 1962 953 2000 sunt.

132 2020 230 2069 lnter
256 2022 475 2059 recentiores
500 2025 724 2062 anatomicos
748 2023 785 2067 N
799 2034 812 2059 1
826 2033 846 2058 c
859 2033 882 2059 o
896 2034 917 2059 L
932 2034 954 2059 A
966 2034 990 2060 u
1004 2035 1019 2061 s
1048 2021 1093 2060 M
1104 2034 1124 2059 Α
1141 2034 1155 2060 s
1169 2034 1183 2059 s
1196 2034 1219 2058 A
1245 2032 1342 2060 anno
1378 2030 1393 2055 1
1408 2031 1424 2067 5
1437 2030 1454 2064 3
1465 2029 1486 2057 2
1501 2047 1512 2063 ‚
1548 2019 1657 2057 semel

1578 2092 1659 2117 om«

115 2174 131 2211 (
145 2184 165 2203 n
182 2174 196 2211 )
218 2173 252 2204 ln
268 2171 363 2211 phoca
376 2173 445 2211 Eph.
464 2175 534 2205 Nat.
561 2177 630 2206 Cur.
645 2175 710 2207 Vol.
726 2184 752 2205 1.
772 2185 840 2205 ann.
935 2173 948 2209 (
964 2184 976 2203 s
993 2173 1007 2210 )
1034 2173 1101 2210 Eph.
1115 2172 1185 2203 Nat.
1201 2174 1268 2202 Cur.
1282 2173 1351 2202 Dec.
1364 2172 1399 2203 ΙΙ.
1415 2181 1483 2201 ann.
1499 2169 1521 2201 1.
1540 2167 1593 2209 obst
1605 2172 1659 2209 46.'

78 2223 164 2253 1727.
193 2225 219 2253 p.
250 2224 297 2249 24.
850 2234 855 2238 ,.
934 2215 947 2249 (
968 2215 1009 2251 t)
1032 2214 1053 2244 F
1069 2224 1086 2243 a
1101 2212 1303 2252 ANc.fiztyr.
1330 2219 1355 2247 g.
1387 2218 1452 2250 148.
1684 2245 1692 2254 φ

118 2256 131 2292 (
149 2257 193 2293 ο)
216 2255 314 2285 Credit
343 2254 369 2285 se
391 2255 490 2286 vidisse
522 2257 671 2287 Antonius
692 2257 777 2287 Vm„
793 2268 803 2286 1
817 2267 842 2288 s-
935 2255 982 2290 (u
1001 2257 1014 2289 )
1038 2255 1107 2292 Eph.
1147 2256 1218 2284 Nat.
1249 2258 1317 2284 Cur.
1340 2256 1409 2284 Dec.
1443 2251 1478 2284 11.
1515 2261 1591 2282 arm.⁴
1621 2249 1658 2282 11¹.

75 2305 99 2326 Ν
113 2307 158 2327 ER
173 2308 183 2325 1
204 2297 330 2326 noto-mia
361 2296 430 2325 d'un
440 2297 556 2332 struzzo
581 2307 608 2335 p.
632 2308 698 2333 245.
892 2296 949 2326 obs.
980 2303 1025 2331 28.

116 2337 193 2374 (p)
217 2338 245 2367 m
262 2347 339 2367 oNn
353 2345 400 2366 oo
420 2335 568 2376 defimine
583 2339 621 2374 ἐξ
641 2338 728 2376 testib,
745 2348 772 2377 p.
793 2348 836 2375 54.
934 2339 1012 2374 (x)
1034 2348 1086 2372 περι
1102 2334 1186 2365 αέενων
1208 2346 1232 2367 c.
1261 2345 1284 2367 1.
1314 2345 1341 2366 n.
1366 2344 1411 2373 13.

117 2378 131 2414 (
151 2381 197 2418 q)
221 2378 300 2409 Idem
321 2387 352 2416 p.
377 2388 421 2413 5o.
453 2387 498 2416 53.
526 2385 572 2414 48.
600 2389 648 2415 49.
931 2379 1016 2415 (gy)
1040 2377 1112 2407 lbid.
1140 2387 1167 2407 n.
1191 2388 1217 2412 4.

117 2420 164 2456 (r
185 2421 199 2458 )
225 2418 305 2452 Lm‘l.
327 2418 461 2453 thoracic.
484 2429 512 2460 p.
533 2426 584 2461 48.
606 2425 678 2453 anat
702 2429 798 2452 renov.
933 2418 980 2455 (2
1000 2418 1012 2454 )
1034 2417 1137 2458 Hgsior.
1165 2419 1281 2449 animal.
1305 2417 1336 2448 L.
1363 2416 1416 2449 Ill.
1441 2426 1466 2448 c.
1494 2419 1522 2448 6.

75 2470 105 2499 Ρ.
139 2471 205 2502 1³3·
