2003 2748
539 148 1267 192 SECTIVADEPS.
1652 162 1702 198 29

114 259 165 291 tar
179 251 359 290 undarum
371 250 516 288 findunt
532 250 567 286 &
578 250 739 298 agitatur.
775 245 946 284 Fluidum
965 247 1001 282 in
1018 245 1189 294 phocaena
1205 245 1326 283 oleum
1339 244 1540 284 evidentius
1557 246 1710 296 descrip-

119 312 160 348 fit
183 311 367 348 Edwardus
391 309 460 347 Ty
477 321 526 346 so
540 321 563 345 N
592 308 680 356 (a)
699 335 708 349 ,
743 307 778 342 &
806 305 959 343 fluidum
977 304 1113 353 sperma
1134 307 1203 341 ceti
1218 306 1253 341 in
1276 312 1357 342 ceto
1378 306 1525 343 dentato
1545 306 1711 355 ampliss}-

121 383 201 408 mus
219 370 284 407 AN
298 382 320 407 r>
336 382 354 406 E
366 382 388 405 R
402 383 416 406 s
429 381 452 406 0
465 380 491 405 N
510 367 561 415 (lv
578 368 607 414 ).
656 365 746 402 Non
767 377 856 412 ergo
889 366 1022 400 mirum
1044 364 1092 400 est
1107 391 1115 405 ‚
1147 376 1192 400 ex
1210 365 1279 401 ceti
1297 363 1471 413 spermate
1487 395 1497 408 ,
1541 378 1625 402 cum
1659 375 1711 402 te-

121 429 333 466 rebinthinae
349 429 432 465 oleo
454 426 648 474 coagulum
664 424 810 473 glaciale
828 423 919 460 nasci
934 451 942 465 ,
967 422 1069 472 quod
1098 424 1136 459 in
1167 423 1317 460 modico
1336 436 1463 462 manus
1483 427 1572 461 vivae
1591 425 1710 462 calore

122 488 269 525 solvitur
289 516 298 529 ‚
334 489 368 523 in
387 488 474 523 aeris
507 497 594 522 vero
617 483 876 532 atmosphaerici
897 483 1070 530 temperie
1090 481 1248 519 confistit
1268 482 1371 530 (c),
1393 483 1524 521 eodem
1553 486 1708 520 omnino

122 547 259 588 modo,
282 547 335 583 uti
354 545 462 594 adeps
482 546 630 582 caninus
649 544 800 599 abaetis
814 542 948 590 frigore
962 542 1107 589 cogitur
1122 568 1130 583 ,
1154 553 1261 589 quam
1277 542 1436 589 primum
1449 543 1579 580 animal
1598 545 1710 580 vitam

123 605 244 642 amisit.
280 603 510 641 Molliffimus
530 610 648 639 tamen
665 603 768 639 etiam
784 601 936 643 homini,
953 602 1044 637 circa
1059 599 1255 637 medullam
1270 599 1439 649 spinalem
1452 603 1501 638 est
1511 615 1520 647 3
1536 603 1570 639 ὃς
1583 615 1711 640 cruen-

122 671 178 702 tus
194 663 393 711 fluidusque
411 665 446 699 in
466 662 593 700 oslium
613 660 840 710 epiphyfib'us
858 660 912 707 (d
927 660 956 707 ),

182 722 319 760 Contra
335 724 372 758 in
391 722 603 758 animalibus
632 722 795 768 gramine
818 719 894 757 solo
913 719 1118 756 viventibus
1142 717 1268 755 durior
1293 718 1402 768 adeps
1429 720 1478 757 est
1499 748 1509 763 ,
1535 721 1713 771 &inipso

122 783 193 830 jam
215 793 310 831 equo
328 781 399 818 hoc
422 781 611 817 discrimen
629 781 808 827 incipit(e
825 779 851 824 ).
886 777 1096 815 Evidentius
1118 789 1205 815 vero
1223 779 1260 814 in
1281 780 1480 827 cornigeris
1498 782 1711 818 ruminanti-

124 842 189 878 bus
200 841 322 878 sebum
341 841 464 888 fragile
478 839 595 881 inesse,
618 840 672 875 vir
685 840 722 875 in
740 851 784 875 eo
803 837 920 875 studio
933 839 1086 874 eximius
1103 836 1132 874 A
1145 850 1166 874 R
1182 848 1194 872 1
1211 850 1225 874 s
1239 849 1262 873 T
1276 849 1298 874 o
1312 850 1336 874 T
1348 850 1367 874 E
1382 850 1402 874 L
1417 850 1436 874 E
1449 851 1463 875 s
1484 837 1551 886 (f)
1570 840 1709 883 docuit„

125 901 161 937 δε
174 899 380 942 medullam,
397 912 475 948 quse
486 898 674 936 multifidis
690 896 831 946 adiposa
843 895 894 938 fit,
914 898 1112 945 cornigeris
1125 896 1336 933 animalibus
1351 897 1530 934 sebaceam
1543 897 1608 936 effe
1621 901 1670 946 (g
1679 901 1709 945 ),

123 961 182 996 cui
201 958 322 996 fimilia
341 958 384 996 de
397 959 501 1007 adipe
519 958 544 996 P
559 971 579 994 L
595 970 606 994 1
623 969 646 994 N
663 970 674 994 1
691 969 712 993 U
726 970 740 993 s
759 956 902 1005 reliquit
928 956 1004 1002 (h)
1034 964 1140 1005 atque
1159 955 1179 991 S
1195 967 1217 992 u
1233 967 1245 991 1
1262 968 1285 992 D
1303 968 1324 991 A
1340 969 1354 992 s
1373 957 1444 1003 (i)
1463 969 1473 1002 3
1496 964 1536 994 ut
1562 960 1718 995 minim-e·

124 1017 292 1055 credibile
307 1017 366 1060 fit,
399 1019 436 1054 in
455 1017 575 1054 Scotia
593 1017 704 1053 boves
721 1016 815 1057 dari,
844 1027 1003 1063 quorum
1030 1015 1138 1064 adeps
1153 1026 1229 1051 non
1248 1015 1478 1058 concrescat,
1508 1016 1569 1054 etfi
1594 1019 1639 1054 ita
1652 1017 1715 1054 ad-

122 1077 238 1114 firmat
257 1075 288 1114 C
301 1088 322 1112 A
338 1089 358 1113 R
373 1089 396 1113 D
412 1088 434 1112 A
447 1087 474 1112 N
489 1088 512 1112 U
528 1088 541 1112 s
560 1076 609 1122 (lc
625 1075 651 1120 ).
687 1074 827 1111 Verum
844 1075 950 1111 etiam
967 1074 1146 1116 humanus
1162 1073 1269 1122 adeps
1289 1074 1413 1112 multis
1431 1075 1550 1113 modis
1567 1076 1717 1114 indura-2

123 1143 191 1173 tur.
227 1135 314 1172 Vidi
330 1135 461 1185 absque
480 1136 570 1171 vitio
586 1163 595 1176 ‚
621 1134 722 1182 quod
748 1141 843 1170 certe
869 1134 1094 1175 innotuerit,
1129 1132 1290 1169 sebaceas
1316 1133 1539 1172 lentiformes
1556 1138 1716 1185 particum

122 1195 170 1231 las
189 1193 382 1231 duriffimas
399 1223 408 1236 ‚
434 1194 468 1229 ἃ
487 1205 579 1241 pene
605 1192 735 1229 calculi
757 1191 886 1228 ssmiles
902 1219 910 1233 ‚
939 1191 1003 1228 nifi
1032 1192 1077 1228 ad
1101 1193 1227 1239 ignem
1247 1192 1374 1241 liquari
1395 1192 1427 1230 se
1444 1193 1545 1242 paffae
1570 1194 1678 1248 essent
1700 1224 1709 1237 ,,

121 1253 185 1290 sub
202 1261 283 1290 cute
300 1255 406 1301 partis
431 1254 579 1289 internae
600 1252 693 1288 tibiae
714 1251 878 1288 humanae
903 1250 1076 1300 dispersas.
1114 1249 1233 1299 Adeps
1246 1251 1465 1288 camelorum
1483 1254 1519 1289 in
1535 1253 1717 1290 durissima

122 1312 266 1349 sebacea
288 1312 411 1349 tubera
428 1312 583 1358 cogitur.
620 1309 661 1347 In
690 1309 857 1347 hernioso
875 1309 983 1359 adeps
1000 1309 1074 1347 sebi
1090 1308 1210 1346 fimilis
1236 1311 1273 1346 in
1299 1309 1325 1347 P
1340 1323 1366 1346 H
1379 1323 1391 1347 1
1406 1323 1426 1347 L
1441 1323 1463 1348 O
1476 1324 1489 1348 s
1506 1324 1526 1349 0
1540 1324 1558 1348 P
1571 1325 1595 1349 H
1610 1325 1624 1349 1
1639 1325 1657 1349 c
1672 1325 1687 1349 r
1699 1326 1724 1349 s·

123 1370 158 1408 T
170 1384 191 1408 R
206 1382 227 1407 A
243 1383 269 1408 N
285 1384 299 1408 s
313 1383 333 1406 A
349 1383 369 1407 c
383 1383 406 1407 T
421 1383 433 1406 1
450 1381 472 1407 0
486 1381 510 1406 N
527 1382 572 1406 113
585 1383 609 1406 U
624 1382 638 1407 s
655 1369 863 1407 describitur
883 1368 947 1415 (l)
967 1397 976 1411 ‚
999 1369 1115 1421 idque>
1137 1370 1263 1407 vitium
1283 1370 1319 1406 in
1341 1377 1494 1407 omento
1514 1371 1629 1421 elapso
1646 1372 1715 1408 fre-

125 1442 240 1479 quens
252 1430 300 1466 est
314 1458 322 1472 ‚
351 1439 392 1467 ut
407 1440 491 1467 cum
507 1429 669 1477 periculo
686 1429 850 1466 intestina
871 1430 1099 1477 comprimat.
1134 1427 1174 1465 In
1187 1429 1393 1466 steatomate
1413 1430 1521 1479 adeps
1534 1431 1715 1469 humanus

125 1491 163 1525 in
181 1490 374 1525 maximam
394 1488 586 1526 duritatem
602 1487 728 1525 sensim
746 1489 900 1536 cogitur.
919 1487 959 1524 ln
972 1486 1103 1525 ossibus
1122 1487 1288 1524 humanis
1300 1516 1308 1530 ‚
1332 1501 1410 1537 quae
1421 1488 1613 1538 sepulchris
1627 1503 1718 1528 con-

72 1548 75 1550 ’
126 1547 261 1585 duntur
278 1575 287 1589 ,
316 1547 473 1584 medulla
496 1546 651 1584 humana
664 1548 702 1583 in
716 1546 787 1583 sebi
804 1546 958 1595 speciem
979 1547 1072 1588 abit,
1101 1545 1303 1583 RUYscnro
1323 1547 1466 1585 auc‘tore
1487 1576 1496 1590 ,
1528 1549 1714 1586 duriffimo

126 1606 170 1643 ad
187 1608 308 1643 omnia
321 1606 487 1642 tentanda
513 1605 662 1651 homine
678 1607 695 1652 <
709 1606 794 1651 m),
822 1616 906 1641 cum
921 1616 996 1653 quo
1010 1603 1134 1641 similia
1150 1607 1394 1653 experimenta
1410 1606 1494 1643 fecit
1503 1607 1715 1654 joachimus

124 1664 152 1702 B
165 1676 183 1700 E
197 1677 216 1700 c
230 1676 248 1700 c
263 1676 288 1700 H
303 1675 321 1700 Ε
338 1677 361 1700 R
372 1692 381 1706 ,
407 1666 443 1700 in
465 1664 652 1713 sepulchro
678 1661 880 1700 Holmienfi
904 1663 998 1710 (n).
1033 1661 1297 1710 Pinguedinem
1310 1663 1572 1703 subterraneam
1589 1666 1660 1704 sebi
1673 1666 1716 1703 fi-

124 1723 248 1760 milem
266 1724 397 1761 excitat
411 1722 447 1761 F.
468 1721 629 1770 Ermstus
647 1722 675 1761 B
687 1735 709 1760 R
721 1734 743 1759 U
757 1734 782 1759 K
796 1734 824 1758 M
838 1734 858 1758 A
873 1733 898 1758 N
913 1733 937 1758 N
957 1723 973 1770 (
989 1733 1006 1759 0
1021 1721 1047 1768 >.
1110 1721 1162 1759 Ut
1179 1724 1333 1761 omnino
1352 1736 1451 1774 aquae
1472 1727 1576 1775 copia
1602 1727 1718 1763 maxi-

1653 1797 1715 1822 me

260 1888 394 1919 Phocaena
419 1899 445 1929 p.
471 1891 515 1929 17⁸.
567 1910 575 1917 ·

255 1930 271 1960 l.
293 1940 317 1960 c.

258 1970 386 2010 l⁵liyficak
411 1972 614 2011 hesustigungen
644 1982 669 2011 p.
691 1980 757 2009 34³,

259 2012 275 2041 S
287 2021 306 2039 *r
318 2022 336 2041 A
351 2022 371 2041 H
388 2024 403 2041 L
432 2014 530 2044 Theor.
547 2015 620 2043 med.
644 2024 669 2051 p.
687 2016 753 2051 376.

254 2052 275 2081 B
290 2061 308 2080 0
319 2062 339 2081 U
351 2062 367 2080 R
381 2062 400 2081 c.
412 2063 427 2082 n
442 2064 458 2081 L
470 2063 488 2082 A
502 2063 524 2084 'r
542 2055 732 2093 hippium-ique
750 2053 776 2083 T
805 2051 840 2082 ΙΙ.
867 2062 891 2090 p.
916 2056 982 2086 158.

249 2095 293 2122 De
308 2094 415 2129 partili.
430 2095 516 2123 anim.
534 2094 580 2124 lib.
601 2095 633 2125 ΙΙ.
652 2104 674 2124 c.
699 2104 726 2126 ς.
742 2093 844 2132 Hg'sior.
866 2094 946 2122 anim
969 2092 1016 2123 lib.
1033 2091 1083 2123 Ili.
1102 2103 1125 2124 c.
1147 2101 1192 2133 17„

254 2135 295 2162 De
307 2139 380 2170 part.
397 2135 513 2164 animal.
531 2135 579 2165 lib.
594 2135 629 2165 II.
655 2145 678 2165 c.
699 2138 725 2165 6.

256 2173 285 2203 L.
310 2173 362 2203 XI.
381 2184 441 2212 pag.
455 2178 521 2204 621.
536 2175 567 2205 L.
581 2175 720 2206 XXVIII.
733 2185 760 2204 n.
779 2180 822 2211 38.

252 2216 343 2243 Lexic.
368 2224 403 2245 ex
417 2215 484 2245 edit.
496 2216 554 2245 Ku
566 2226 578 2246 s
592 2226 611 2246 τ
624 2227 638 2246 ε
651 2227 665 2245 κ
682 2228 691 2245 1
706 2216 739 2246 T.
758 2215 780 2245 I.
801 2225 828 2253 p.
852 2223 918 2254 155.

223 2255 236 2291 )
259 2257 302 2284 De
313 2265 407 2285 rerum
423 2257 559 2286 varietate
576 2257 623 2287 lib.
640 2257 701 2287 Vll.
719 2267 742 2288 c-
762 2265 808 2294 3¹.

212 2296 223 2332 )
253 2306 278 2324 n.
318 2299 363 2325 26.

197 2337 249 2372 m)
275 2304 410 2375 7'3hgsbur.
427 2344 498 2366 anat
523 2337 561 2370 II.
577 2339 632 2369 obs.
651 2339 702 2370 Ill.
720 2349 747 2370 n.
764 2347 791 2380 4.
813 2334 934 2378 Adscvs-
951 2344 1030 2370 anat·
1050 2336 1099 2371 111·
1118 2347 1146 2369 Π·
1171 2348 1197 2376 9·

193 2377 240 2413 n)
266 2375 537 2414 Phylinfitbterran.
559 2389 587 2418 p.
605 2384 669 2418 196,

197 2417 239 2456 ο)
259 2417 338 2459 Epss.
351 2419 480 2475 itinerar.
494 2428 520 2458 ρ.
544 2429 588 2460 57.

167 1889 201 2452 βΑΛῖΑΑΑΑΑΛΑΛΛΛ

1157 2462 1196 2501 D
1249 2474 1260 2481 ἡ

1247 2484 1260 2496 Α

1246 2499 1259 2507 ,a
