<?xml version="1.0" encoding="UTF-8"?>
<!DOCTYPE html PUBLIC "-//W3C//DTD XHTML 1.0 Transitional//EN"
    "http://www.w3.org/TR/xhtml1/DTD/xhtml1-transitional.dtd">
<html xmlns="http://www.w3.org/1999/xhtml" xml:lang="en" lang="en">
 <head>
  <title>
</title>
<meta http-equiv="Content-Type" content="text/html;charset=utf-8" />
  <meta name='ocr-system' content='tesseract 3.04.00' />
  <meta name='ocr-capabilities' content='ocr_page ocr_carea ocr_par ocr_line ocrx_word'/>
</head>
<body>
  <div class='ocr_page' id='page_1' title='image "./elementaphysiolo01hall_0029.png"; bbox 0 0 2003 2748; ppageno 0'>
   <div class='ocr_carea' id='block_1_1' title="bbox 318 135 1715 188">
    <p class='ocr_par' dir='ltr' id='par_1_1' title="bbox 318 135 1715 188">
     <span class='ocr_line' id='line_1_1' title="bbox 318 135 1715 188; baseline -0.001 -8"><span class='ocrx_word' id='word_1_1' title='bbox 318 140 441 180; x_wconf 83' lang='lat' dir='ltr'>LIB.</span> <span class='ocrx_word' id='word_1_2' title='bbox 476 139 507 179; x_wconf 87' lang='lat' dir='ltr'>I.</span> <span class='ocrx_word' id='word_1_3' title='bbox 553 135 735 179; x_wconf 89' lang='lat' dir='ltr'><strong>CORP.</strong></span> <span class='ocrx_word' id='word_1_4' title='bbox 770 136 925 179; x_wconf 91' lang='lat' dir='ltr'>HUM.</span> <span class='ocrx_word' id='word_1_5' title='bbox 961 136 1340 180; x_wconf 88' lang='lat' dir='ltr'>ELEMENTA.</span> <span class='ocrx_word' id='word_1_6' title='bbox 1391 136 1555 178; x_wconf 67' lang='lat' dir='ltr'>Fibras&#39;</span> <span class='ocrx_word' id='word_1_7' title='bbox 1698 152 1715 188; x_wconf 83' lang='lat'><em>3</em></span> 
     </span>
    </p>
   </div>
   <div class='ocr_carea' id='block_1_2' title="bbox 102 234 1729 1888">
    <p class='ocr_par' dir='ltr' id='par_1_2' title="bbox 102 234 1728 1827">
     <span class='ocr_line' id='line_1_2' title="bbox 113 234 1720 285; baseline 0 -10"><span class='ocrx_word' id='word_1_8' title='bbox 113 236 360 277; x_wconf 76' lang='lat' dir='ltr'>dissolvuntur.</span> <span class='ocrx_word' id='word_1_9' title='bbox 408 234 492 275; x_wconf 86' lang='lat' dir='ltr'>Sola</span> <span class='ocrx_word' id='word_1_10' title='bbox 516 243 637 274; x_wconf 82' lang='lat' dir='ltr'>autem</span> <span class='ocrx_word' id='word_1_11' title='bbox 660 234 826 284; x_wconf 81' lang='lat' dir='ltr'>adparet,</span> <span class='ocrx_word' id='word_1_12' title='bbox 865 234 1012 285; x_wconf 84' lang='lat' dir='ltr'>quando</span> <span class='ocrx_word' id='word_1_13' title='bbox 1037 234 1232 273; x_wconf 81' lang='lat' dir='ltr'>vehemens</span> <span class='ocrx_word' id='word_1_14' title='bbox 1260 237 1354 284; x_wconf 80' lang='lat' dir='ltr'>ignis</span> <span class='ocrx_word' id='word_1_15' title='bbox 1379 236 1514 285; x_wconf 77' lang='lat' dir='ltr'>reliqua</span> <span class='ocrx_word' id='word_1_16' title='bbox 1543 236 1720 276; x_wconf 82' lang='lat' dir='ltr'>elementa</span> 
     </span>
     <span class='ocr_line' id='line_1_3' title="bbox 113 292 1720 347; baseline 0 -12"><span class='ocrx_word' id='word_1_17' title='bbox 113 297 310 347; x_wconf 81' lang='lat' dir='ltr'>dissipavit,</span> <span class='ocrx_word' id='word_1_18' title='bbox 342 297 472 335; x_wconf 86' lang='lat' dir='ltr'>melius</span> <span class='ocrx_word' id='word_1_19' title='bbox 490 303 630 337; x_wconf 84' lang='lat' dir='ltr'>tamen,</span> <span class='ocrx_word' id='word_1_20' title='bbox 661 296 802 344; x_wconf 81' lang='lat' dir='ltr'>quotPes</span> <span class='ocrx_word' id='word_1_21' title='bbox 824 292 935 345; x_wconf 76' lang='lat' dir='ltr'>longa</span> <span class='ocrx_word' id='word_1_22' title='bbox 954 296 1007 333; x_wconf 80' lang='lat' dir='ltr'>vis</span> <span class='ocrx_word' id='word_1_23' title='bbox 1032 297 1103 333; x_wconf 72' lang='lat' dir='ltr'>aeri</span> <span class='ocrx_word' id='word_1_24' title='bbox 1120 308 1199 333; x_wconf 83' lang='lat' dir='ltr'>eam</span> <span class='ocrx_word' id='word_1_25' title='bbox 1221 296 1381 333; x_wconf 83' lang='lat' dir='ltr'>nudavit.</span> <span class='ocrx_word' id='word_1_26' title='bbox 1418 295 1502 335; x_wconf 71' lang='lat' dir='ltr'>Offa</span> <span class='ocrx_word' id='word_1_27' title='bbox 1521 305 1616 334; x_wconf 86' lang='lat' dir='ltr'>certe</span> <span class='ocrx_word' id='word_1_28' title='bbox 1639 304 1720 335; x_wconf 73' lang='lat' dir='ltr'>ante</span> 
     </span>
     <span class='ocr_line' id='line_1_4' title="bbox 112 354 1721 405; baseline -0.001 -10"><span class='ocrx_word' id='word_1_29' title='bbox 112 359 167 395; x_wconf 88' lang='lat' dir='ltr'>bis</span> <span class='ocrx_word' id='word_1_30' title='bbox 192 357 290 396; x_wconf 87' lang='lat' dir='ltr'>mille</span> <span class='ocrx_word' id='word_1_31' title='bbox 316 369 431 395; x_wconf 84' lang='lat' dir='ltr'>annos</span> <span class='ocrx_word' id='word_1_32' title='bbox 458 357 492 392; x_wconf 62' lang='grc' dir='ltr'><strong><em>ἃ</em></strong></span> <span class='ocrx_word' id='word_1_33' title='bbox 519 354 621 404; x_wconf 87' lang='lat' dir='ltr'>quod</span> <span class='ocrx_word' id='word_1_34' title='bbox 648 355 812 397; x_wconf 82' lang='lat' dir='ltr'><strong>excedit,</strong></span> <span class='ocrx_word' id='word_1_35' title='bbox 846 356 884 391; x_wconf 91' lang='lat' dir='ltr'>in</span> <span class='ocrx_word' id='word_1_36' title='bbox 914 356 1061 393; x_wconf 87' lang='lat' dir='ltr'>mumiis</span> <span class='ocrx_word' id='word_1_37' title='bbox 1087 355 1291 393; x_wconf 77' lang='lat' dir='ltr'>conservata</span> <span class='ocrx_word' id='word_1_38' title='bbox 1313 384 1322 398; x_wconf 94' lang='lat'>,</span> <span class='ocrx_word' id='word_1_39' title='bbox 1353 355 1456 393; x_wconf 84' lang='lat' dir='ltr'>suum</span> <span class='ocrx_word' id='word_1_40' title='bbox 1485 355 1612 405; x_wconf 84' lang='lat' dir='ltr'>gluten</span> <span class='ocrx_word' id='word_1_41' title='bbox 1639 359 1721 395; x_wconf 78' lang='lat' dir='ltr'>reti-</span> 
     </span>
     <span class='ocr_line' id='line_1_5' title="bbox 111 413 1721 466; baseline 0 -12"><span class='ocrx_word' id='word_1_42' title='bbox 111 424 279 455; x_wconf 85' lang='lat' dir='ltr'>nuerunt.</span> <span class='ocrx_word' id='word_1_43' title='bbox 315 414 478 462; x_wconf 80' lang='lat' dir='ltr'>Quando</span> <span class='ocrx_word' id='word_1_44' title='bbox 500 426 588 451; x_wconf 89' lang='lat' dir='ltr'>vero</span> <span class='ocrx_word' id='word_1_45' title='bbox 611 426 649 450; x_wconf 86' lang='lat' dir='ltr'>ea</span> <span class='ocrx_word' id='word_1_46' title='bbox 678 413 749 450; x_wconf 82' lang='lat' dir='ltr'>offa</span> <span class='ocrx_word' id='word_1_47' title='bbox 767 416 858 457; x_wconf 71' lang='lat' dir='ltr'>aeri,</span> <span class='ocrx_word' id='word_1_48' title='bbox 888 414 1108 464; x_wconf 86' lang='lat' dir='ltr'>humorique</span> <span class='ocrx_word' id='word_1_49' title='bbox 1130 428 1273 452; x_wconf 77' lang='lat' dir='ltr'>arenam</span> <span class='ocrx_word' id='word_1_50' title='bbox 1297 416 1516 464; x_wconf 80' lang='lat' dir='ltr'>perlabenti‚</span> <span class='ocrx_word' id='word_1_51' title='bbox 1545 428 1609 466; x_wconf 88' lang='lat' dir='ltr'>per</span> <span class='ocrx_word' id='word_1_52' title='bbox 1627 417 1721 454; x_wconf 81' lang='lat' dir='ltr'>niul-</span> 
     </span>
     <span class='ocr_line' id='line_1_6' title="bbox 112 472 1722 524; baseline 0.001 -11"><span class='ocrx_word' id='word_1_53' title='bbox 112 484 146 514; x_wconf 87' lang='lat' dir='ltr'>ta</span> <span class='ocrx_word' id='word_1_54' title='bbox 162 475 276 513; x_wconf 85' lang='lat' dir='ltr'>secula</span> <span class='ocrx_word' id='word_1_55' title='bbox 302 481 558 524; x_wconf 81' lang='lat' dir='ltr'>exponuntur,</span> <span class='ocrx_word' id='word_1_56' title='bbox 589 473 679 510; x_wconf 86' lang='lat' dir='ltr'>adeo</span> <span class='ocrx_word' id='word_1_57' title='bbox 707 481 794 511; x_wconf 86' lang='lat' dir='ltr'>tunc</span> <span class='ocrx_word' id='word_1_58' title='bbox 817 472 942 511; x_wconf 81' lang='lat' dir='ltr'>sensim</span> <span class='ocrx_word' id='word_1_59' title='bbox 960 474 1044 512; x_wconf 84' lang='lat' dir='ltr'>oleo</span> <span class='ocrx_word' id='word_1_60' title='bbox 1070 473 1134 512; x_wconf 88' lang='lat' dir='ltr'>suo</span> <span class='ocrx_word' id='word_1_61' title='bbox 1162 475 1198 511; x_wconf 63' lang='grc' dir='ltr'>ὃς</span> <span class='ocrx_word' id='word_1_62' title='bbox 1222 487 1313 523; x_wconf 85' lang='lat' dir='ltr'>aqua</span> <span class='ocrx_word' id='word_1_63' title='bbox 1343 474 1558 519; x_wconf 72' lang='lat' dir='ltr'>exsuuntur,</span> <span class='ocrx_word' id='word_1_64' title='bbox 1588 483 1628 513; x_wconf 85' lang='lat' dir='ltr'>ut</span> <span class='ocrx_word' id='word_1_65' title='bbox 1649 476 1722 514; x_wconf 73' lang='lat' dir='ltr'>sola</span> 
     </span>
     <span class='ocr_line' id='line_1_7' title="bbox 107 531 1722 583; baseline 0.002 -13"><span class='ocrx_word' id='word_1_66' title='bbox 107 534 241 583; x_wconf 70' lang='lat' dir='ltr'>,absque</span> <span class='ocrx_word' id='word_1_67' title='bbox 272 535 381 571; x_wconf 84' lang='lat' dir='ltr'>aliave</span> <span class='ocrx_word' id='word_1_68' title='bbox 412 534 558 570; x_wconf 85' lang='lat' dir='ltr'>materie</span> <span class='ocrx_word' id='word_1_69' title='bbox 581 539 677 570; x_wconf 52' lang='lat' dir='ltr'>⁴terra</span> <span class='ocrx_word' id='word_1_70' title='bbox 703 531 858 581; x_wconf 83' lang='lat' dir='ltr'>superfit.</span> <span class='ocrx_word' id='word_1_71' title='bbox 907 532 958 570; x_wconf 83' lang='lat' dir='ltr'>lta</span> <span class='ocrx_word' id='word_1_72' title='bbox 984 545 1098 582; x_wconf 87' lang='lat' dir='ltr'>nuper</span> <span class='ocrx_word' id='word_1_73' title='bbox 1124 532 1177 571; x_wconf 90' lang='lat' dir='ltr'>Cl.</span> <span class='ocrx_word' id='word_1_74' title='bbox 1212 533 1413 571; x_wconf 61' lang='lat' dir='ltr'>Hssmzss</span> <span class='ocrx_word' id='word_1_75' title='bbox 1435 563 1445 577; x_wconf 91' lang='lat'>‚</span> <span class='ocrx_word' id='word_1_76' title='bbox 1481 536 1601 572; x_wconf 83' lang='lat' dir='ltr'>noster</span> <span class='ocrx_word' id='word_1_77' title='bbox 1630 535 1722 573; x_wconf 88' lang='lat' dir='ltr'>olim</span> 
     </span>
     <span class='ocr_line' id='line_1_8' title="bbox 111 591 1717 642; baseline 0.001 -11"><span class='ocrx_word' id='word_1_78' title='bbox 111 593 273 637; x_wconf 78' lang='lat' dir='ltr'>auditor,</span> <span class='ocrx_word' id='word_1_79' title='bbox 308 606 348 631; x_wconf 85' lang='lat' dir='ltr'>os</span> <span class='ocrx_word' id='word_1_80' title='bbox 372 593 501 631; x_wconf 83' lang='lat' dir='ltr'>frontis</span> <span class='ocrx_word' id='word_1_81' title='bbox 529 592 730 629; x_wconf 83' lang='lat' dir='ltr'>humanum</span> <span class='ocrx_word' id='word_1_82' title='bbox 754 591 823 630; x_wconf 76' lang='lat' dir='ltr'>suis</span> <span class='ocrx_word' id='word_1_83' title='bbox 841 604 926 630; x_wconf 87' lang='lat' dir='ltr'>cum</span> <span class='ocrx_word' id='word_1_84' title='bbox 943 591 1089 631; x_wconf 79' lang='lat' dir='ltr'>sinubus</span> <span class='ocrx_word' id='word_1_85' title='bbox 1112 591 1413 642; x_wconf 82' lang='lat' dir='ltr'>superciliaribus‚</span> <span class='ocrx_word' id='word_1_86' title='bbox 1445 593 1489 631; x_wconf 83' lang='lat' dir='ltr'>ad</span> <span class='ocrx_word' id='word_1_87' title='bbox 1517 606 1576 632; x_wconf 84' lang='lat' dir='ltr'>me</span> <span class='ocrx_word' id='word_1_88' title='bbox 1603 594 1717 639; x_wconf 81' lang='lat' dir='ltr'>misit,</span> 
     </span>
     <span class='ocr_line' id='line_1_9' title="bbox 111 649 1718 702; baseline 0.001 -12"><span class='ocrx_word' id='word_1_89' title='bbox 111 652 214 702; x_wconf 90' lang='lat' dir='ltr'>quod</span> <span class='ocrx_word' id='word_1_90' title='bbox 236 665 282 690; x_wconf 81' lang='lat' dir='ltr'>ex</span> <span class='ocrx_word' id='word_1_91' title='bbox 305 652 454 690; x_wconf 86' lang='lat' dir='ltr'>arenoso</span> <span class='ocrx_word' id='word_1_92' title='bbox 479 651 691 700; x_wconf 78' lang='lat' dir='ltr'>Thuringiae</span> <span class='ocrx_word' id='word_1_93' title='bbox 711 649 803 690; x_wconf 84' lang='lat' dir='ltr'>colle</span> <span class='ocrx_word' id='word_1_94' title='bbox 826 659 969 689; x_wconf 76' lang='lat' dir='ltr'>eru-tuni</span> <span class='ocrx_word' id='word_1_95' title='bbox 991 652 1115 690; x_wconf 83' lang='lat' dir='ltr'>fuerat.</span> <span class='ocrx_word' id='word_1_96' title='bbox 1152 651 1193 690; x_wconf 87' lang='lat' dir='ltr'>ld</span> <span class='ocrx_word' id='word_1_97' title='bbox 1218 653 1308 690; x_wconf 75' lang='lat' dir='ltr'>adeo</span> <span class='ocrx_word' id='word_1_98' title='bbox 1328 655 1365 691; x_wconf 90' lang='lat' dir='ltr'>in</span> <span class='ocrx_word' id='word_1_99' title='bbox 1390 662 1519 691; x_wconf 82' lang='lat' dir='ltr'>terram</span> <span class='ocrx_word' id='word_1_100' title='bbox 1545 653 1718 698; x_wconf 81' lang='lat' dir='ltr'>redierat,</span> 
     </span>
     <span class='ocr_line' id='line_1_10' title="bbox 110 711 1722 762; baseline 0.002 -13"><span class='ocrx_word' id='word_1_101' title='bbox 110 718 152 750; x_wconf 86' lang='lat' dir='ltr'>ut</span> <span class='ocrx_word' id='word_1_102' title='bbox 168 724 297 762; x_wconf 73' lang='lat' dir='ltr'>aquam</span> <span class='ocrx_word' id='word_1_103' title='bbox 316 711 533 750; x_wconf 75' lang='lat' dir='ltr'>siticulosum</span> <span class='ocrx_word' id='word_1_104' title='bbox 552 712 709 753; x_wconf 77' lang='lat' dir='ltr'>biberet,</span> <span class='ocrx_word' id='word_1_105' title='bbox 729 712 765 748; x_wconf 84' lang='lat'>&amp;</span> <span class='ocrx_word' id='word_1_106' title='bbox 787 711 886 748; x_wconf 90' lang='lat' dir='ltr'>brevi</span> <span class='ocrx_word' id='word_1_107' title='bbox 900 713 1141 750; x_wconf 79' lang='lat' dir='ltr'>maceratione</span> <span class='ocrx_word' id='word_1_108' title='bbox 1158 712 1355 759; x_wconf 82' lang='lat' dir='ltr'>difflueret3</span> <span class='ocrx_word' id='word_1_109' title='bbox 1383 712 1612 756; x_wconf 76' lang='lat' dir='ltr'>dissolutum,</span> <span class='ocrx_word' id='word_1_110' title='bbox 1636 712 1722 753; x_wconf 75' lang='lat' dir='ltr'>cum.</span> 
     </span>
     <span class='ocr_line' id='line_1_11' title="bbox 107 769 1717 822; baseline 0.001 -13"><span class='ocrx_word' id='word_1_111' title='bbox 107 771 226 810; x_wconf 84' lang='lat' dir='ltr'>lavare</span> <span class='ocrx_word' id='word_1_112' title='bbox 259 772 398 809; x_wconf 72' lang='lat' dir='ltr'>vellem.</span> <span class='ocrx_word' id='word_1_113' title='bbox 447 770 583 808; x_wconf 76' lang='lat' dir='ltr'>Similia</span> <span class='ocrx_word' id='word_1_114' title='bbox 611 769 687 808; x_wconf 76' lang='lat' dir='ltr'>-oss&#39;a</span> <span class='ocrx_word' id='word_1_115' title='bbox 717 769 974 808; x_wconf 84' lang='lat' dir='ltr'>Rhinocerotis</span> <span class='ocrx_word' id='word_1_116' title='bbox 994 800 1004 815; x_wconf 91' lang='lat'><strong><em>‚</em></strong></span> <span class='ocrx_word' id='word_1_117' title='bbox 1036 783 1136 820; x_wconf 83' lang='lat' dir='ltr'>aquae</span> <span class='ocrx_word' id='word_1_118' title='bbox 1163 772 1284 810; x_wconf 89' lang='lat' dir='ltr'>bibula</span> <span class='ocrx_word' id='word_1_119' title='bbox 1304 800 1315 815; x_wconf 83' lang='lat'><em>,</em></span> <span class='ocrx_word' id='word_1_120' title='bbox 1350 771 1571 822; x_wconf 82' lang='lat' dir='ltr'>Herzbergae</span> <span class='ocrx_word' id='word_1_121' title='bbox 1598 779 1717 817; x_wconf 83' lang='lat' dir='ltr'>eruta.</span> 
     </span>
     <span class='ocr_line' id='line_1_12' title="bbox 105 829 1727 880; baseline 0.001 -11"><span class='ocrx_word' id='word_1_122' title='bbox 105 844 211 870; x_wconf 66' lang='lat' dir='ltr'>&lt;nunc</span> <span class='ocrx_word' id='word_1_123' title='bbox 241 843 365 869; x_wconf 81' lang='lat' dir='ltr'>coram</span> <span class='ocrx_word' id='word_1_124' title='bbox 397 830 485 868; x_wconf 86' lang='lat' dir='ltr'>dum</span> <span class='ocrx_word' id='word_1_125' title='bbox 517 829 635 868; x_wconf 81' lang='lat' dir='ltr'>scribo</span> <span class='ocrx_word' id='word_1_126' title='bbox 657 858 668 872; x_wconf 92' lang='lat'>,</span> <span class='ocrx_word' id='word_1_127' title='bbox 701 829 818 868; x_wconf 84' lang='lat' dir='ltr'>habeo</span> <span class='ocrx_word' id='word_1_128' title='bbox 841 858 851 873; x_wconf 91' lang='lat'>,</span> <span class='ocrx_word' id='word_1_129' title='bbox 894 831 929 868; x_wconf 64' lang='grc' dir='ltr'><strong><em>ἃ</em></strong></span> <span class='ocrx_word' id='word_1_130' title='bbox 964 831 1030 869; x_wconf 83' lang='lat' dir='ltr'>alia</span> <span class='ocrx_word' id='word_1_131' title='bbox 1062 829 1254 880; x_wconf 81' lang='lat' dir='ltr'>Elephanti</span> <span class='ocrx_word' id='word_1_132' title='bbox 1273 859 1282 873; x_wconf 87' lang='lat'><strong>,</strong></span> <span class='ocrx_word' id='word_1_133' title='bbox 1315 843 1334 868; x_wconf 86' lang='lat' dir='ltr'>a</span> <span class='ocrx_word' id='word_1_134' title='bbox 1360 829 1387 869; x_wconf 92' lang='lat' dir='ltr'>B</span> <span class='ocrx_word' id='word_1_135' title='bbox 1402 843 1458 868; x_wconf 72' lang='lat' dir='ltr'>Ru</span> <span class='ocrx_word' id='word_1_136' title='bbox 1472 844 1611 869; x_wconf 78' lang='lat' dir='ltr'>KMAN</span> <span class='ocrx_word' id='word_1_137' title='bbox 1627 845 1651 870; x_wconf 95' lang='lat' dir='ltr'>N</span> <span class='ocrx_word' id='word_1_138' title='bbox 1667 845 1690 870; x_wconf 91' lang='lat' dir='ltr'>o</span> <span class='ocrx_word' id='word_1_139' title='bbox 1707 835 1727 876; x_wconf 86' lang='lat'>‚¹</span> 
     </span>
     <span class='ocr_line' id='line_1_13' title="bbox 102 885 1723 940; baseline 0 -11"><span class='ocrx_word' id='word_1_140' title='bbox 102 890 165 929; x_wconf 56' lang='lat' dir='ltr'>zCl.</span> <span class='ocrx_word' id='word_1_141' title='bbox 187 890 277 929; x_wconf 88' lang='lat' dir='ltr'>olim</span> <span class='ocrx_word' id='word_1_142' title='bbox 292 892 392 933; x_wconf 78' lang='lat' dir='ltr'>viro,</span> <span class='ocrx_word' id='word_1_143' title='bbox 420 889 466 928; x_wconf 85' lang='lat' dir='ltr'>ad</span> <span class='ocrx_word' id='word_1_144' title='bbox 483 889 559 928; x_wconf 89' lang='lat' dir='ltr'>Cel.</span> <span class='ocrx_word' id='word_1_145' title='bbox 577 888 649 927; x_wconf 92' lang='lat' dir='ltr'>Ho</span> <span class='ocrx_word' id='word_1_146' title='bbox 662 901 684 926; x_wconf 99' lang='lat' dir='ltr'>L</span> <span class='ocrx_word' id='word_1_147' title='bbox 696 901 763 927; x_wconf 69' lang='lat' dir='ltr'>nm</span> <span class='ocrx_word' id='word_1_148' title='bbox 775 901 799 926; x_wconf 98' lang='lat' dir='ltr'>N</span> <span class='ocrx_word' id='word_1_149' title='bbox 811 901 836 926; x_wconf 93' lang='lat' dir='ltr'>N</span> <span class='ocrx_word' id='word_1_150' title='bbox 850 901 873 927; x_wconf 86' lang='lat' dir='ltr'>u</span> <span class='ocrx_word' id='word_1_151' title='bbox 886 901 915 926; x_wconf 81' lang='lat' dir='ltr'>m</span> <span class='ocrx_word' id='word_1_152' title='bbox 932 885 1049 933; x_wconf 74' lang='lat' dir='ltr'>missa,</span> <span class='ocrx_word' id='word_1_153' title='bbox 1088 902 1180 940; x_wconf 84' lang='lat' dir='ltr'>aque</span> <span class='ocrx_word' id='word_1_154' title='bbox 1207 902 1251 928; x_wconf 93' lang='lat' dir='ltr'>eo</span> <span class='ocrx_word' id='word_1_155' title='bbox 1271 889 1441 940; x_wconf 84' lang='lat' dir='ltr'>descripta</span> <span class='ocrx_word' id='word_1_156' title='bbox 1470 890 1513 938; x_wconf 85' lang='lat' dir='ltr'>(l</span> <span class='ocrx_word' id='word_1_157' title='bbox 1523 893 1549 939; x_wconf 82' lang='lat'>).</span> <span class='ocrx_word' id='word_1_158' title='bbox 1586 890 1723 929; x_wconf 80' lang='lat' dir='ltr'>Eadem</span> 
     </span>
     <span class='ocr_line' id='line_1_14' title="bbox 105 947 1722 999; baseline 0 -11"><span class='ocrx_word' id='word_1_159' title='bbox 105 957 203 988; x_wconf 71' lang='lat' dir='ltr'>terra</span> <span class='ocrx_word' id='word_1_160' title='bbox 217 979 226 994; x_wconf 94' lang='lat'>,</span> <span class='ocrx_word' id='word_1_161' title='bbox 256 949 374 988; x_wconf 76' lang='lat' dir='ltr'>favilia</span> <span class='ocrx_word' id='word_1_162' title='bbox 400 950 469 992; x_wconf 88' lang='lat' dir='ltr'>est,</span> <span class='ocrx_word' id='word_1_163' title='bbox 499 961 607 998; x_wconf 88' lang='lat' dir='ltr'>quam</span> <span class='ocrx_word' id='word_1_164' title='bbox 623 948 735 987; x_wconf 86' lang='lat' dir='ltr'>solam</span> <span class='ocrx_word' id='word_1_165' title='bbox 752 949 797 986; x_wconf 89' lang='lat' dir='ltr'>de</span> <span class='ocrx_word' id='word_1_166' title='bbox 819 947 852 987; x_wconf 86' lang='lat' dir='ltr'>A</span> <span class='ocrx_word' id='word_1_167' title='bbox 863 961 884 986; x_wconf 92' lang='lat' dir='ltr'>L</span> <span class='ocrx_word' id='word_1_168' title='bbox 898 960 918 985; x_wconf 76' lang='grc' dir='ltr'>Ε</span> <span class='ocrx_word' id='word_1_169' title='bbox 930 961 956 987; x_wconf 79' lang='lat' dir='ltr'>x</span> <span class='ocrx_word' id='word_1_170' title='bbox 968 961 990 986; x_wconf 75' lang='lat' dir='ltr'>A</span> <span class='ocrx_word' id='word_1_171' title='bbox 1001 961 1028 986; x_wconf 86' lang='lat' dir='ltr'>N</span> <span class='ocrx_word' id='word_1_172' title='bbox 1042 962 1066 987; x_wconf 91' lang='lat' dir='ltr'>D</span> <span class='ocrx_word' id='word_1_173' title='bbox 1081 962 1140 987; x_wconf 72' lang='lat' dir='ltr'>Ro</span> <span class='ocrx_word' id='word_1_174' title='bbox 1167 949 1375 988; x_wconf 76' lang='lat' dir='ltr'>Macedone</span> <span class='ocrx_word' id='word_1_175' title='bbox 1400 950 1623 999; x_wconf 85' lang='lat' dir='ltr'>superstitem</span> <span class='ocrx_word' id='word_1_176' title='bbox 1639 949 1670 989; x_wconf 92' lang='lat' dir='ltr'>A</span> <span class='ocrx_word' id='word_1_177' title='bbox 1683 963 1722 988; x_wconf 88' lang='grc' dir='ltr'>υ-</span> 
     </span>
     <span class='ocr_line' id='line_1_15' title="bbox 104 1008 1723 1058; baseline 0 -11"><span class='ocrx_word' id='word_1_178' title='bbox 104 1021 138 1047; x_wconf 60' lang='lat' dir='ltr'>xG</span> <span class='ocrx_word' id='word_1_179' title='bbox 153 1021 172 1047; x_wconf 88' lang='lat' dir='ltr'>u</span> <span class='ocrx_word' id='word_1_180' title='bbox 188 1021 302 1047; x_wconf 78' lang='lat' dir='ltr'>s&#39;rus</span> <span class='ocrx_word' id='word_1_181' title='bbox 334 1008 558 1047; x_wconf 59' lang='lat' dir='ltr'>Alexandriae</span> <span class='ocrx_word' id='word_1_182' title='bbox 583 1008 700 1046; x_wconf 88' lang='lat' dir='ltr'>vidit:</span> <span class='ocrx_word' id='word_1_183' title='bbox 728 1008 911 1047; x_wconf 68' lang='lat' dir='ltr'>⁴cohaerere</span> <span class='ocrx_word' id='word_1_184' title='bbox 935 1021 975 1046; x_wconf 85' lang='lat' dir='ltr'>ea</span> <span class='ocrx_word' id='word_1_185' title='bbox 996 1009 1185 1048; x_wconf 81' lang='lat' dir='ltr'>videbatur</span> <span class='ocrx_word' id='word_1_186' title='bbox 1203 1037 1214 1052; x_wconf 92' lang='lat'>,</span> <span class='ocrx_word' id='word_1_187' title='bbox 1251 1010 1288 1047; x_wconf 63' lang='grc' dir='ltr'>ὃς</span> <span class='ocrx_word' id='word_1_188' title='bbox 1310 1009 1464 1058; x_wconf 75' lang='lat' dir='ltr'>figuram</span> <span class='ocrx_word' id='word_1_189' title='bbox 1488 1009 1611 1047; x_wconf 83' lang='lat' dir='ltr'>herois</span> <span class='ocrx_word' id='word_1_190' title='bbox 1638 1011 1723 1048; x_wconf 47' lang='lat' dir='ltr'>retia</span> 
     </span>
     <span class='ocr_line' id='line_1_16' title="bbox 105 1067 1724 1119; baseline 0 -12"><span class='ocrx_word' id='word_1_191' title='bbox 105 1069 241 1112; x_wconf 80' lang='lat' dir='ltr'>nebat,</span> <span class='ocrx_word' id='word_1_192' title='bbox 274 1067 335 1106; x_wconf 86' lang='lat' dir='ltr'>fed</span> <span class='ocrx_word' id='word_1_193' title='bbox 361 1068 486 1106; x_wconf 87' lang='lat' dir='ltr'>eadem</span> <span class='ocrx_word' id='word_1_194' title='bbox 509 1068 571 1106; x_wconf 88' lang='lat' dir='ltr'>sub</span> <span class='ocrx_word' id='word_1_195' title='bbox 600 1074 771 1117; x_wconf 80' lang='lat' dir='ltr'>tangente</span> <span class='ocrx_word' id='word_1_196' title='bbox 796 1068 914 1117; x_wconf 84' lang='lat' dir='ltr'>digito</span> <span class='ocrx_word' id='word_1_197' title='bbox 939 1068 1114 1111; x_wconf 82' lang='lat' dir='ltr'>cedebat,</span> <span class='ocrx_word' id='word_1_198' title='bbox 1144 1069 1284 1118; x_wconf 83' lang='lat' dir='ltr'>glutine</span> <span class='ocrx_word' id='word_1_199' title='bbox 1311 1069 1500 1112; x_wconf 80' lang='lat' dir='ltr'>destituta,</span> <span class='ocrx_word' id='word_1_200' title='bbox 1530 1069 1631 1119; x_wconf 88' lang='lat' dir='ltr'>quod</span> <span class='ocrx_word' id='word_1_201' title='bbox 1653 1076 1724 1107; x_wconf 87' lang='lat' dir='ltr'>ter-</span> 
     </span>
     <span class='ocr_line' id='line_1_17' title="bbox 106 1127 1724 1178; baseline 0.001 -12"><span class='ocrx_word' id='word_1_202' title='bbox 106 1129 182 1166; x_wconf 69' lang='lat' dir='ltr'>seis</span> <span class='ocrx_word' id='word_1_203' title='bbox 209 1128 364 1178; x_wconf 86' lang='lat' dir='ltr'>glebulis</span> <span class='ocrx_word' id='word_1_204' title='bbox 387 1129 464 1166; x_wconf 83' lang='lat' dir='ltr'>vim</span> <span class='ocrx_word' id='word_1_205' title='bbox 487 1127 644 1177; x_wconf 86' lang='lat' dir='ltr'>praebet‚</span> <span class='ocrx_word' id='word_1_206' title='bbox 676 1139 746 1177; x_wconf 79' lang='lat' dir='ltr'>qua</span> <span class='ocrx_word' id='word_1_207' title='bbox 765 1127 956 1165; x_wconf 80' lang='lat' dir='ltr'>cohaerent.</span> <span class='ocrx_word' id='word_1_208' title='bbox 1001 1127 1141 1166; x_wconf 88' lang='lat' dir='ltr'>Similes</span> <span class='ocrx_word' id='word_1_209' title='bbox 1168 1130 1323 1166; x_wconf 87' lang='lat' dir='ltr'>omnino</span> <span class='ocrx_word' id='word_1_210' title='bbox 1353 1127 1483 1166; x_wconf 81' lang='lat' dir='ltr'>oflium</span> <span class='ocrx_word' id='word_1_211' title='bbox 1507 1132 1545 1166; x_wconf 87' lang='lat' dir='ltr'>in</span> <span class='ocrx_word' id='word_1_212' title='bbox 1569 1136 1724 1167; x_wconf 83' lang='lat' dir='ltr'>terream</span> 
     </span>
     <span class='ocr_line' id='line_1_18' title="bbox 108 1185 1724 1236; baseline 0.001 -13"><span class='ocrx_word' id='word_1_213' title='bbox 108 1187 277 1226; x_wconf 77' lang='lat' dir='ltr'>indolem</span> <span class='ocrx_word' id='word_1_214' title='bbox 300 1186 518 1225; x_wconf 78' lang='lat' dir='ltr'>reversiones</span> <span class='ocrx_word' id='word_1_215' title='bbox 546 1185 669 1236; x_wconf 85' lang='lat' dir='ltr'>paffim</span> <span class='ocrx_word' id='word_1_216' title='bbox 693 1186 789 1235; x_wconf 90' lang='lat' dir='ltr'>apud</span> <span class='ocrx_word' id='word_1_217' title='bbox 814 1186 972 1225; x_wconf 81' lang='lat' dir='ltr'>idoneos</span> <span class='ocrx_word' id='word_1_218' title='bbox 1001 1186 1162 1224; x_wconf 65' lang='lat' dir='ltr'>auctores</span> <span class='ocrx_word' id='word_1_219' title='bbox 1185 1189 1310 1236; x_wconf 84' lang='lat' dir='ltr'>reperi.</span> <span class='ocrx_word' id='word_1_220' title='bbox 1346 1186 1390 1224; x_wconf 92' lang='lat' dir='ltr'>In</span> <span class='ocrx_word' id='word_1_221' title='bbox 1416 1187 1543 1224; x_wconf 88' lang='lat' dir='ltr'>eadem</span> <span class='ocrx_word' id='word_1_222' title='bbox 1568 1186 1724 1225; x_wconf 82' lang='lat' dir='ltr'>Alexan-</span> 
     </span>
     <span class='ocr_line' id='line_1_19' title="bbox 113 1245 1725 1297; baseline 0.001 -13"><span class='ocrx_word' id='word_1_223' title='bbox 113 1246 190 1284; x_wconf 87' lang='lat' dir='ltr'>dria</span> <span class='ocrx_word' id='word_1_224' title='bbox 219 1246 253 1285; x_wconf 88' lang='lat' dir='ltr'>T</span> <span class='ocrx_word' id='word_1_225' title='bbox 265 1258 291 1283; x_wconf 72' lang='grc' dir='ltr'><strong>Η</strong></span> <span class='ocrx_word' id='word_1_226' title='bbox 302 1259 323 1285; x_wconf 77' lang='lat' dir='ltr'><strong><em>z</em></strong></span> <span class='ocrx_word' id='word_1_227' title='bbox 335 1260 358 1285; x_wconf 89' lang='lat' dir='ltr'>v</span> <span class='ocrx_word' id='word_1_228' title='bbox 370 1258 392 1284; x_wconf 81' lang='lat' dir='ltr'>E</span> <span class='ocrx_word' id='word_1_229' title='bbox 405 1258 428 1283; x_wconf 93' lang='lat' dir='ltr'>N</span> <span class='ocrx_word' id='word_1_230' title='bbox 444 1258 466 1284; x_wconf 94' lang='lat' dir='ltr'>o</span> <span class='ocrx_word' id='word_1_231' title='bbox 479 1257 504 1283; x_wconf 86' lang='lat' dir='ltr'><strong>T</strong></span> <span class='ocrx_word' id='word_1_232' title='bbox 518 1258 531 1283; x_wconf 83' lang='lat'>1</span> <span class='ocrx_word' id='word_1_233' title='bbox 546 1259 568 1283; x_wconf 83' lang='lat' dir='ltr'>u</span> <span class='ocrx_word' id='word_1_234' title='bbox 579 1260 595 1285; x_wconf 90' lang='lat' dir='ltr'><strong>s</strong></span> <span class='ocrx_word' id='word_1_235' title='bbox 623 1245 694 1285; x_wconf 81' lang='lat' dir='ltr'>offa</span> <span class='ocrx_word' id='word_1_236' title='bbox 713 1245 823 1283; x_wconf 89' lang='lat' dir='ltr'>solida</span> <span class='ocrx_word' id='word_1_237' title='bbox 844 1245 982 1296; x_wconf 74' lang='lat' dir='ltr'>specie,</span> <span class='ocrx_word' id='word_1_238' title='bbox 1012 1247 1049 1284; x_wconf 90' lang='lat'>&amp;</span> <span class='ocrx_word' id='word_1_239' title='bbox 1072 1247 1274 1284; x_wconf 82' lang='lat' dir='ltr'>recentium</span> <span class='ocrx_word' id='word_1_240' title='bbox 1292 1245 1418 1284; x_wconf 80' lang='lat' dir='ltr'>similia</span> <span class='ocrx_word' id='word_1_241' title='bbox 1433 1246 1547 1289; x_wconf 83' lang='lat' dir='ltr'>vidit,</span> <span class='ocrx_word' id='word_1_242' title='bbox 1577 1259 1656 1297; x_wconf 87' lang='lat' dir='ltr'>quae</span> <span class='ocrx_word' id='word_1_243' title='bbox 1671 1254 1725 1285; x_wconf 81' lang='lat' dir='ltr'>ta·-</span> 
     </span>
     <span class='ocr_line' id='line_1_20' title="bbox 107 1305 1721 1356; baseline -0.001 -12"><span class='ocrx_word' id='word_1_244' title='bbox 107 1318 220 1349; x_wconf 72' lang='lat' dir='ltr'>men,</span> <span class='ocrx_word' id='word_1_245' title='bbox 257 1312 298 1343; x_wconf 88' lang='lat' dir='ltr'>ut</span> <span class='ocrx_word' id='word_1_246' title='bbox 320 1305 508 1356; x_wconf 83' lang='lat' dir='ltr'>putridum</span> <span class='ocrx_word' id='word_1_247' title='bbox 524 1306 668 1354; x_wconf 85' lang='lat' dir='ltr'>lignum</span> <span class='ocrx_word' id='word_1_248' title='bbox 692 1305 848 1355; x_wconf 81' lang='lat' dir='ltr'>fragilia,</span> <span class='ocrx_word' id='word_1_249' title='bbox 880 1305 943 1344; x_wconf 85' lang='lat' dir='ltr'>sub</span> <span class='ocrx_word' id='word_1_250' title='bbox 971 1306 1181 1355; x_wconf 80' lang='lat' dir='ltr'>impellente</span> <span class='ocrx_word' id='word_1_251' title='bbox 1208 1306 1324 1355; x_wconf 83' lang='lat' dir='ltr'>digito</span> <span class='ocrx_word' id='word_1_252' title='bbox 1348 1314 1602 1354; x_wconf 87' lang='lat' dir='ltr'>rumperentur</span> <span class='ocrx_word' id='word_1_253' title='bbox 1624 1307 1721 1354; x_wconf 86' lang='lat' dir='ltr'>(m).</span> 
     </span>
     <span class='ocr_line' id='line_1_21' title="bbox 112 1364 1723 1415; baseline -0.002 -11"><span class='ocrx_word' id='word_1_254' title='bbox 112 1365 158 1404; x_wconf 85' lang='lat' dir='ltr'>In</span> <span class='ocrx_word' id='word_1_255' title='bbox 176 1364 353 1415; x_wconf 88' lang='lat' dir='ltr'>pollinem</span> <span class='ocrx_word' id='word_1_256' title='bbox 376 1364 513 1415; x_wconf 83' lang='lat' dir='ltr'>delapsa</span> <span class='ocrx_word' id='word_1_257' title='bbox 534 1367 575 1403; x_wconf 89' lang='lat' dir='ltr'>in</span> <span class='ocrx_word' id='word_1_258' title='bbox 599 1368 759 1404; x_wconf 85' lang='lat' dir='ltr'>romanis</span> <span class='ocrx_word' id='word_1_259' title='bbox 780 1366 998 1404; x_wconf 73' lang='lat' dir='ltr'>catacombis</span> <span class='ocrx_word' id='word_1_260' title='bbox 1022 1366 1191 1404; x_wconf 79' lang='lat' dir='ltr'>viderunt</span> <span class='ocrx_word' id='word_1_261' title='bbox 1215 1365 1267 1403; x_wconf 90' lang='lat' dir='ltr'>Cl.</span> <span class='ocrx_word' id='word_1_262' title='bbox 1293 1366 1360 1403; x_wconf 86' lang='lat' dir='ltr'>viri</span> <span class='ocrx_word' id='word_1_263' title='bbox 1384 1364 1590 1403; x_wconf 73' lang='lat' dir='ltr'>GREAVE</span> <span class='ocrx_word' id='word_1_264' title='bbox 1604 1378 1618 1402; x_wconf 88' lang='lat' dir='ltr'><strong>s</strong></span> <span class='ocrx_word' id='word_1_265' title='bbox 1645 1366 1723 1413; x_wconf 90' lang='lat' dir='ltr'>(n)</span> 
     </span>
     <span class='ocr_line' id='line_1_22' title="bbox 110 1424 1726 1474; baseline 0 -12"><span class='ocrx_word' id='word_1_266' title='bbox 110 1426 154 1462; x_wconf 65' lang='lat'>1&amp;</span> <span class='ocrx_word' id='word_1_267' title='bbox 178 1424 205 1463; x_wconf 88' lang='grc' dir='ltr'><strong>Β</strong></span> <span class='ocrx_word' id='word_1_268' title='bbox 220 1437 241 1462; x_wconf 91' lang='lat' dir='ltr'>L</span> <span class='ocrx_word' id='word_1_269' title='bbox 258 1436 283 1461; x_wconf 76' lang='grc' dir='ltr'><strong>Α</strong></span> <span class='ocrx_word' id='word_1_270' title='bbox 299 1437 312 1462; x_wconf 92' lang='lat'>1</span> <span class='ocrx_word' id='word_1_271' title='bbox 331 1437 358 1463; x_wconf 77' lang='lat' dir='ltr'>N</span> <span class='ocrx_word' id='word_1_272' title='bbox 374 1438 397 1463; x_wconf 86' lang='lat' dir='ltr'>v</span> <span class='ocrx_word' id='word_1_273' title='bbox 415 1437 429 1462; x_wconf 91' lang='lat'>1</span> <span class='ocrx_word' id='word_1_274' title='bbox 448 1438 469 1463; x_wconf 86' lang='lat' dir='ltr'>L</span> <span class='ocrx_word' id='word_1_275' title='bbox 483 1437 508 1462; x_wconf 88' lang='lat' dir='ltr'>L</span> <span class='ocrx_word' id='word_1_276' title='bbox 523 1436 544 1462; x_wconf 81' lang='lat' dir='ltr'>E</span> <span class='ocrx_word' id='word_1_277' title='bbox 579 1425 596 1473; x_wconf 90' lang='lat'>(</span> <span class='ocrx_word' id='word_1_278' title='bbox 614 1437 632 1462; x_wconf 93' lang='grc' dir='ltr'><em>ο</em></span> <span class='ocrx_word' id='word_1_279' title='bbox 648 1427 677 1472; x_wconf 84' lang='grc'>).</span> <span class='ocrx_word' id='word_1_280' title='bbox 722 1425 887 1464; x_wconf 84' lang='lat' dir='ltr'>Similem</span> <span class='ocrx_word' id='word_1_281' title='bbox 914 1425 1099 1463; x_wconf 82' lang='lat' dir='ltr'>historiam</span> <span class='ocrx_word' id='word_1_282' title='bbox 1124 1425 1260 1462; x_wconf 82' lang='lat' dir='ltr'>habent</span> <span class='ocrx_word' id='word_1_283' title='bbox 1289 1425 1335 1462; x_wconf 88' lang='lat' dir='ltr'>de</span> <span class='ocrx_word' id='word_1_284' title='bbox 1361 1424 1467 1474; x_wconf 86' lang='lat' dir='ltr'>plena</span> <span class='ocrx_word' id='word_1_285' title='bbox 1493 1424 1621 1463; x_wconf 86' lang='lat' dir='ltr'>offium</span> <span class='ocrx_word' id='word_1_286' title='bbox 1645 1436 1726 1462; x_wconf 80' lang='lat' dir='ltr'>arca</span> 
     </span>
     <span class='ocr_line' id='line_1_23' title="bbox 110 1482 1726 1533; baseline -0.001 -11"><span class='ocrx_word' id='word_1_287' title='bbox 110 1483 170 1522; x_wconf 79' lang='lat' dir='ltr'>cl.</span> <span class='ocrx_word' id='word_1_288' title='bbox 189 1483 268 1523; x_wconf 78' lang='grc' dir='ltr'>ΜΛ</span> <span class='ocrx_word' id='word_1_289' title='bbox 281 1496 411 1522; x_wconf 75' lang='lat' dir='ltr'>RTYN</span> <span class='ocrx_word' id='word_1_290' title='bbox 428 1486 502 1533; x_wconf 84' lang='lat' dir='ltr'>(p)</span> <span class='ocrx_word' id='word_1_291' title='bbox 515 1514 525 1528; x_wconf 88' lang='lat'>‚</span> <span class='ocrx_word' id='word_1_292' title='bbox 554 1484 600 1522; x_wconf 85' lang='lat' dir='ltr'>de</span> <span class='ocrx_word' id='word_1_293' title='bbox 619 1487 767 1523; x_wconf 88' lang='lat' dir='ltr'>mumiis</span> <span class='ocrx_word' id='word_1_294' title='bbox 792 1484 981 1523; x_wconf 76' lang='lat' dir='ltr'>AMMAN</span> <span class='ocrx_word' id='word_1_295' title='bbox 996 1496 1018 1520; x_wconf 94' lang='lat' dir='ltr'>N</span> <span class='ocrx_word' id='word_1_296' title='bbox 1035 1496 1085 1521; x_wconf 83' lang='lat' dir='ltr'>us</span> <span class='ocrx_word' id='word_1_297' title='bbox 1104 1484 1180 1532; x_wconf 78' lang='lat' dir='ltr'>(q)</span> <span class='ocrx_word' id='word_1_298' title='bbox 1200 1484 1376 1522; x_wconf 83' lang='lat' dir='ltr'>Helvetus</span> <span class='ocrx_word' id='word_1_299' title='bbox 1392 1483 1507 1521; x_wconf 84' lang='lat' dir='ltr'>homo</span> <span class='ocrx_word' id='word_1_300' title='bbox 1521 1513 1531 1527; x_wconf 95' lang='lat'>‚</span> <span class='ocrx_word' id='word_1_301' title='bbox 1562 1485 1607 1521; x_wconf 91' lang='lat' dir='ltr'>de</span> <span class='ocrx_word' id='word_1_302' title='bbox 1630 1482 1726 1532; x_wconf 71' lang='lat' dir='ltr'>Epis-</span> 
     </span>
     <span class='ocr_line' id='line_1_24' title="bbox 115 1542 1726 1592; baseline 0 -13"><span class='ocrx_word' id='word_1_303' title='bbox 115 1544 202 1592; x_wconf 81' lang='lat' dir='ltr'>copi</span> <span class='ocrx_word' id='word_1_304' title='bbox 220 1542 390 1580; x_wconf 84' lang='lat' dir='ltr'>cadavere</span> <span class='ocrx_word' id='word_1_305' title='bbox 405 1571 414 1586; x_wconf 87' lang='lat'>‚</span> <span class='ocrx_word' id='word_1_306' title='bbox 446 1551 528 1580; x_wconf 83' lang='lat' dir='ltr'>ante</span> <span class='ocrx_word' id='word_1_307' title='bbox 543 1543 619 1580; x_wconf 88' lang='lat' dir='ltr'>duo</span> <span class='ocrx_word' id='word_1_308' title='bbox 635 1544 750 1582; x_wconf 85' lang='lat' dir='ltr'>secula</span> <span class='ocrx_word' id='word_1_309' title='bbox 768 1543 907 1591; x_wconf 88' lang='lat' dir='ltr'>sepulto</span> <span class='ocrx_word' id='word_1_310' title='bbox 919 1571 929 1585; x_wconf 90' lang='lat'>‚</span> <span class='ocrx_word' id='word_1_311' title='bbox 950 1545 986 1579; x_wconf 65' lang='grc' dir='ltr'>ὃς</span> <span class='ocrx_word' id='word_1_312' title='bbox 1001 1543 1230 1590; x_wconf 64' lang='lat' dir='ltr'>praesentibus</span> <span class='ocrx_word' id='word_1_313' title='bbox 1249 1543 1504 1591; x_wconf 62' lang='lat' dir='ltr'>spectatoribus</span> <span class='ocrx_word' id='word_1_314' title='bbox 1527 1545 1564 1580; x_wconf 90' lang='lat' dir='ltr'>in</span> <span class='ocrx_word' id='word_1_315' title='bbox 1587 1545 1726 1580; x_wconf 86' lang='lat' dir='ltr'>cineres</span> 
     </span>
     <span class='ocr_line' id='line_1_25' title="bbox 107 1600 1727 1649; baseline -0.001 -11"><span class='ocrx_word' id='word_1_316' title='bbox 107 1601 260 1649; x_wconf 70' lang='lat' dir='ltr'>delapso</span> <span class='ocrx_word' id='word_1_317' title='bbox 279 1600 332 1638; x_wconf 88' lang='lat' dir='ltr'>Cl.</span> <span class='ocrx_word' id='word_1_318' title='bbox 351 1600 378 1638; x_wconf 80' lang='lat' dir='ltr'>E</span> <span class='ocrx_word' id='word_1_319' title='bbox 390 1613 415 1637; x_wconf 89' lang='lat' dir='ltr'>N</span> <span class='ocrx_word' id='word_1_320' title='bbox 428 1614 454 1637; x_wconf 82' lang='lat' dir='ltr'>H</span> <span class='ocrx_word' id='word_1_321' title='bbox 466 1605 489 1638; x_wconf 81' lang='grc' dir='ltr'>ὅ</span> <span class='ocrx_word' id='word_1_322' title='bbox 500 1614 559 1637; x_wconf 82' lang='lat' dir='ltr'>RN</span> <span class='ocrx_word' id='word_1_323' title='bbox 574 1613 587 1637; x_wconf 93' lang='lat'>1</span> <span class='ocrx_word' id='word_1_324' title='bbox 599 1613 624 1637; x_wconf 92' lang='lat' dir='ltr'>N</span> <span class='ocrx_word' id='word_1_325' title='bbox 637 1614 663 1639; x_wconf 85' lang='lat' dir='ltr'>G</span> <span class='ocrx_word' id='word_1_326' title='bbox 679 1604 696 1647; x_wconf 72' lang='grc' dir='ltr'>ζ</span> <span class='ocrx_word' id='word_1_327' title='bbox 709 1604 779 1647; x_wconf 85' lang='lat' dir='ltr'>r),</span> <span class='ocrx_word' id='word_1_328' title='bbox 810 1602 927 1649; x_wconf 87' lang='lat' dir='ltr'>deque</span> <span class='ocrx_word' id='word_1_329' title='bbox 943 1601 1157 1648; x_wconf 85' lang='lat' dir='ltr'>corporibus</span> <span class='ocrx_word' id='word_1_330' title='bbox 1176 1601 1331 1637; x_wconf 80' lang='lat' dir='ltr'>balsamo</span> <span class='ocrx_word' id='word_1_331' title='bbox 1346 1601 1503 1637; x_wconf 85' lang='lat' dir='ltr'>conditis</span> <span class='ocrx_word' id='word_1_332' title='bbox 1524 1600 1727 1649; x_wconf 74' lang='lat' dir='ltr'>Franciscwr</span> 
     </span>
     <span class='ocr_line' id='line_1_26' title="bbox 108 1657 1728 1709; baseline -0.001 -10"><span class='ocrx_word' id='word_1_333' title='bbox 108 1658 144 1699; x_wconf 15' lang='lat' dir='ltr'>VB</span> <span class='ocrx_word' id='word_1_334' title='bbox 158 1671 178 1696; x_wconf 78' lang='lat' dir='ltr'>A</span> <span class='ocrx_word' id='word_1_335' title='bbox 194 1671 214 1696; x_wconf 93' lang='lat' dir='ltr'>c</span> <span class='ocrx_word' id='word_1_336' title='bbox 227 1671 251 1696; x_wconf 95' lang='lat' dir='ltr'>o</span> <span class='ocrx_word' id='word_1_337' title='bbox 277 1659 322 1696; x_wconf 86' lang='lat' dir='ltr'>de</span> <span class='ocrx_word' id='word_1_338' title='bbox 351 1657 417 1696; x_wconf 63' lang='lat' dir='ltr'>Vn</span> <span class='ocrx_word' id='word_1_339' title='bbox 430 1673 453 1697; x_wconf 84' lang='lat' dir='ltr'>R</span> <span class='ocrx_word' id='word_1_340' title='bbox 468 1671 489 1696; x_wconf 83' lang='grc' dir='ltr'>υ</span> <span class='ocrx_word' id='word_1_341' title='bbox 504 1672 525 1695; x_wconf 91' lang='lat' dir='ltr'>L</span> <span class='ocrx_word' id='word_1_342' title='bbox 538 1672 558 1696; x_wconf 83' lang='lat' dir='ltr'>A</span> <span class='ocrx_word' id='word_1_343' title='bbox 574 1671 604 1696; x_wconf 84' lang='lat' dir='ltr'><strong>M</strong></span> <span class='ocrx_word' id='word_1_344' title='bbox 632 1660 675 1706; x_wconf 77' lang='lat' dir='ltr'>(s</span> <span class='ocrx_word' id='word_1_345' title='bbox 687 1661 713 1707; x_wconf 84' lang='lat'>).</span> <span class='ocrx_word' id='word_1_346' title='bbox 762 1658 898 1697; x_wconf 82' lang='lat' dir='ltr'>Similia</span> <span class='ocrx_word' id='word_1_347' title='bbox 922 1659 987 1696; x_wconf 82' lang='lat' dir='ltr'>alia</span> <span class='ocrx_word' id='word_1_348' title='bbox 1014 1671 1214 1707; x_wconf 88' lang='lat' dir='ltr'>corporum</span> <span class='ocrx_word' id='word_1_349' title='bbox 1231 1658 1477 1697; x_wconf 82' lang='lat' dir='ltr'>humanorum</span> <span class='ocrx_word' id='word_1_350' title='bbox 1495 1662 1533 1696; x_wconf 91' lang='lat' dir='ltr'>in</span> <span class='ocrx_word' id='word_1_351' title='bbox 1547 1660 1728 1709; x_wconf 82' lang='lat' dir='ltr'>pollinem</span> 
     </span>
     <span class='ocr_line' id='line_1_27' title="bbox 110 1716 1727 1769; baseline 0.001 -14"><span class='ocrx_word' id='word_1_352' title='bbox 110 1718 355 1756; x_wconf 71' lang='lat' dir='ltr'>:dilabentium</span> <span class='ocrx_word' id='word_1_353' title='bbox 379 1718 545 1768; x_wconf 80' lang='lat' dir='ltr'>exempla</span> <span class='ocrx_word' id='word_1_354' title='bbox 573 1721 803 1768; x_wconf 87' lang='lat' dir='ltr'>reperiuntur</span> <span class='ocrx_word' id='word_1_355' title='bbox 829 1720 868 1756; x_wconf 91' lang='lat' dir='ltr'>in</span> <span class='ocrx_word' id='word_1_356' title='bbox 896 1716 1142 1766; x_wconf 63' lang='lat' dir='ltr'>Philosophicris</span> <span class='ocrx_word' id='word_1_357' title='bbox 1171 1717 1477 1767; x_wconf 55' lang='lat' dir='ltr'>Transatffionz’lma</span> <span class='ocrx_word' id='word_1_358' title='bbox 1501 1720 1518 1766; x_wconf 86' lang='lat'>(</span> <span class='ocrx_word' id='word_1_359' title='bbox 1532 1721 1598 1766; x_wconf 76' lang='lat' dir='ltr'>t),</span> <span class='ocrx_word' id='word_1_360' title='bbox 1630 1718 1727 1769; x_wconf 83' lang='lat' dir='ltr'>apud</span> 
     </span>
     <span class='ocr_line' id='line_1_28' title="bbox 106 1775 1726 1827; baseline 0.002 -11"><span class='ocrx_word' id='word_1_361' title='bbox 106 1778 320 1827; x_wconf 72' lang='lat' dir='ltr'>,Johannem</span> <span class='ocrx_word' id='word_1_362' title='bbox 337 1777 359 1817; x_wconf 89' lang='lat' dir='ltr'>S</span> <span class='ocrx_word' id='word_1_363' title='bbox 373 1789 428 1816; x_wconf 82' lang='lat' dir='ltr'>CH</span> <span class='ocrx_word' id='word_1_364' title='bbox 441 1789 463 1815; x_wconf 88' lang='grc' dir='ltr'>υ</span> <span class='ocrx_word' id='word_1_365' title='bbox 477 1790 497 1816; x_wconf 92' lang='lat' dir='ltr'>L</span> <span class='ocrx_word' id='word_1_366' title='bbox 511 1789 534 1816; x_wconf 88' lang='lat' dir='ltr'><strong>z</strong></span> <span class='ocrx_word' id='word_1_367' title='bbox 545 1790 565 1816; x_wconf 74' lang='grc' dir='ltr'>Ε</span> <span class='ocrx_word' id='word_1_368' title='bbox 582 1779 630 1826; x_wconf 80' lang='lat' dir='ltr'>(u</span> <span class='ocrx_word' id='word_1_369' title='bbox 641 1780 659 1827; x_wconf 92' lang='lat'>)</span> <span class='ocrx_word' id='word_1_370' title='bbox 670 1807 680 1823; x_wconf 84' lang='lat'>‚</span> <span class='ocrx_word' id='word_1_371' title='bbox 702 1780 741 1817; x_wconf 89' lang='lat' dir='ltr'>in</span> <span class='ocrx_word' id='word_1_372' title='bbox 761 1775 1092 1824; x_wconf 78' lang='lat' dir='ltr'>Vratislavienfium</span> <span class='ocrx_word' id='word_1_373' title='bbox 1109 1777 1337 1816; x_wconf 79' lang='lat' dir='ltr'>Medicorum</span> <span class='ocrx_word' id='word_1_374' title='bbox 1356 1778 1632 1817; x_wconf 69' lang='lat' dir='ltr'>collefflonibus</span> <span class='ocrx_word' id='word_1_375' title='bbox 1650 1778 1726 1827; x_wconf 81' lang='lat' dir='ltr'>(x),</span> 
     </span>
    </p>

    <p class='ocr_par' dir='ltr' id='par_1_3' title="bbox 1137 1836 1729 1888">
     <span class='ocr_line' id='line_1_29' title="bbox 1137 1836 1729 1888; baseline -0.003 -11"><span class='ocrx_word' id='word_1_376' title='bbox 1137 1837 1171 1877; x_wconf 88' lang='lat' dir='ltr'>A</span> <span class='ocrx_word' id='word_1_377' title='bbox 1222 1847 1245 1876; x_wconf 84' lang='lat'><strong>2</strong></span> <span class='ocrx_word' id='word_1_378' title='bbox 1631 1836 1729 1888; x_wconf 81' lang='lat' dir='ltr'>apud</span> 
     </span>
    </p>
   </div>
   <div class='ocr_carea' id='block_1_3' title="bbox 108 1975 1733 2099">
    <p class='ocr_par' dir='ltr' id='par_1_4' title="bbox 108 1975 1733 2099">
     <span class='ocr_line' id='line_1_30' title="bbox 154 1975 1733 2017; baseline -0.001 -9"><span class='ocrx_word' id='word_1_379' title='bbox 154 1977 223 2015; x_wconf 79' lang='lat'>(1)</span> <span class='ocrx_word' id='word_1_380' title='bbox 243 1977 323 2017; x_wconf 71' lang='lat' dir='ltr'>Eprst.</span> <span class='ocrx_word' id='word_1_381' title='bbox 347 1980 462 2008; x_wconf 76' lang='lat' dir='ltr'>Centur.</span> <span class='ocrx_word' id='word_1_382' title='bbox 476 1979 515 2009; x_wconf 77' lang='lat'>11.</span> <span class='ocrx_word' id='word_1_383' title='bbox 534 1987 562 2016; x_wconf 90' lang='lat' dir='ltr'>p.</span> <span class='ocrx_word' id='word_1_384' title='bbox 581 1979 646 2015; x_wconf 69' lang='lat'><em>306.</em></span> <span class='ocrx_word' id='word_1_385' title='bbox 670 1979 761 2009; x_wconf 73' lang='lat' dir='ltr'>Paulo</span> <span class='ocrx_word' id='word_1_386' title='bbox 777 1979 879 2009; x_wconf 78' lang='lat' dir='ltr'>melius</span> <span class='ocrx_word' id='word_1_387' title='bbox 893 1985 1023 2009; x_wconf 80' lang='lat' dir='ltr'>naturam</span> <span class='ocrx_word' id='word_1_388' title='bbox 1036 1977 1189 2008; x_wconf 80' lang='lat' dir='ltr'>animalem</span> <span class='ocrx_word' id='word_1_389' title='bbox 1202 1978 1258 2009; x_wconf 78' lang='lat' dir='ltr'>o&#39;ss‘a</span> <span class='ocrx_word' id='word_1_390' title='bbox 1274 1978 1334 2014; x_wconf 85' lang='lat' dir='ltr'>ejus</span> <span class='ocrx_word' id='word_1_391' title='bbox 1350 1975 1497 2017; x_wconf 66' lang='lat' dir='ltr'>elepha&#39;mti</span> <span class='ocrx_word' id='word_1_392' title='bbox 1515 1978 1733 2013; x_wconf 74' lang='lat' dir='ltr'>conservarunt‚&#39;</span> 
     </span>
     <span class='ocr_line' id='line_1_31' title="bbox 108 2018 1726 2059; baseline 0.001 -11"><span class='ocrx_word' id='word_1_393' title='bbox 108 2027 204 2056; x_wconf 60' lang='lat' dir='ltr'>squam</span> <span class='ocrx_word' id='word_1_394' title='bbox 217 2028 307 2056; x_wconf 81' lang='lat' dir='ltr'>prope</span> <span class='ocrx_word' id='word_1_395' title='bbox 319 2019 453 2049; x_wconf 82' lang='lat' dir='ltr'>Tonnam</span> <span class='ocrx_word' id='word_1_396' title='bbox 471 2018 598 2050; x_wconf 72' lang='lat' dir='ltr'>effossum</span> <span class='ocrx_word' id='word_1_397' title='bbox 620 2019 646 2050; x_wconf 91' lang='lat' dir='ltr'>T</span> <span class='ocrx_word' id='word_1_398' title='bbox 659 2030 674 2050; x_wconf 73' lang='lat' dir='ltr'>E</span> <span class='ocrx_word' id='word_1_399' title='bbox 687 2030 707 2050; x_wconf 84' lang='lat' dir='ltr'>N</span> <span class='ocrx_word' id='word_1_400' title='bbox 721 2030 738 2050; x_wconf 87' lang='lat' dir='ltr'>z</span> <span class='ocrx_word' id='word_1_401' title='bbox 750 2031 765 2050; x_wconf 81' lang='lat' dir='ltr'>E</span> <span class='ocrx_word' id='word_1_402' title='bbox 777 2031 794 2049; x_wconf 91' lang='lat' dir='ltr'>L</span> <span class='ocrx_word' id='word_1_403' title='bbox 806 2030 816 2050; x_wconf 79' lang='grc' dir='ltr'><strong><em>ι</em></strong></span> <span class='ocrx_word' id='word_1_404' title='bbox 828 2030 843 2049; x_wconf 89' lang='grc' dir='ltr'>υ</span> <span class='ocrx_word' id='word_1_405' title='bbox 855 2030 868 2050; x_wconf 84' lang='lat' dir='ltr'><strong>s</strong></span> <span class='ocrx_word' id='word_1_406' title='bbox 892 2019 1043 2059; x_wconf 76' lang='lat' dir='ltr'>descripsit.</span> <span class='ocrx_word' id='word_1_407' title='bbox 1068 2018 1214 2050; x_wconf 83' lang='lat' dir='ltr'>Destillata</span> <span class='ocrx_word' id='word_1_408' title='bbox 1227 2019 1305 2050; x_wconf 89' lang='lat' dir='ltr'>enim</span> <span class='ocrx_word' id='word_1_409' title='bbox 1316 2019 1406 2051; x_wconf 81' lang='lat' dir='ltr'>salem</span> <span class='ocrx_word' id='word_1_410' title='bbox 1420 2019 1564 2050; x_wconf 73' lang='lat' dir='ltr'>volatilem</span> <span class='ocrx_word' id='word_1_411' title='bbox 1577 2019 1726 2050; x_wconf 67' lang='lat' dir='ltr'>dederunt„</span> 
     </span>
     <span class='ocr_line' id='line_1_32' title="bbox 163 2058 771 2099; baseline 0.007 -12"><span class='ocrx_word' id='word_1_412' title='bbox 163 2058 238 2095; x_wconf 88' lang='lat' dir='ltr'>(m)</span> <span class='ocrx_word' id='word_1_413' title='bbox 260 2061 358 2089; x_wconf 76' lang='lat' dir='ltr'>ltiner.</span> <span class='ocrx_word' id='word_1_414' title='bbox 392 2059 476 2090; x_wconf 77' lang='lat' dir='ltr'>Toni.</span> <span class='ocrx_word' id='word_1_415' title='bbox 500 2060 534 2090; x_wconf 86' lang='lat' dir='ltr'>ll.</span> <span class='ocrx_word' id='word_1_416' title='bbox 559 2060 590 2090; x_wconf 93' lang='lat' dir='ltr'>L.</span> <span class='ocrx_word' id='word_1_417' title='bbox 613 2060 632 2090; x_wconf 88' lang='lat'>1.</span> <span class='ocrx_word' id='word_1_418' title='bbox 658 2061 727 2099; x_wconf 69' lang='lat' dir='ltr'>Cap.</span> <span class='ocrx_word' id='word_1_419' title='bbox 746 2070 771 2091; x_wconf 81' lang='lat'>2.</span> 
     </span>
    </p>
   </div>
   <div class='ocr_carea' id='block_1_4' title="bbox 116 2099 1728 2514">
    <p class='ocr_par' dir='ltr' id='par_1_5' title="bbox 162 2099 810 2140">
     <span class='ocr_line' id='line_1_33' title="bbox 162 2099 810 2140; baseline 0 -12"><span class='ocrx_word' id='word_1_420' title='bbox 162 2099 234 2136; x_wconf 85' lang='lat' dir='ltr'>(n)</span> <span class='ocrx_word' id='word_1_421' title='bbox 258 2101 376 2130; x_wconf 77' lang='lat' dir='ltr'>Travels</span> <span class='ocrx_word' id='word_1_422' title='bbox 395 2102 455 2130; x_wconf 80' lang='lat' dir='ltr'>and</span> <span class='ocrx_word' id='word_1_423' title='bbox 479 2099 670 2140; x_wconf 66' lang='lat' dir='ltr'>observationi·</span> <span class='ocrx_word' id='word_1_424' title='bbox 692 2111 722 2140; x_wconf 82' lang='lat' dir='ltr'>p.</span> <span class='ocrx_word' id='word_1_425' title='bbox 741 2108 810 2137; x_wconf 78' lang='lat'>488.</span> 
     </span>
    </p>

    <p class='ocr_par' dir='ltr' id='par_1_6' title="bbox 116 2139 1728 2220">
     <span class='ocr_line' id='line_1_34' title="bbox 163 2139 1728 2182; baseline 0.004 -13"><span class='ocrx_word' id='word_1_426' title='bbox 163 2139 229 2176; x_wconf 72' lang='grc' dir='ltr'>(ο)</span> <span class='ocrx_word' id='word_1_427' title='bbox 256 2142 362 2179; x_wconf 80' lang='lat' dir='ltr'>Voyage</span> <span class='ocrx_word' id='word_1_428' title='bbox 381 2142 496 2171; x_wconf 81' lang='lat' dir='ltr'>d&#39;ltalie</span> <span class='ocrx_word' id='word_1_429' title='bbox 512 2142 597 2172; x_wconf 89' lang='lat' dir='ltr'>Tom.</span> <span class='ocrx_word' id='word_1_430' title='bbox 618 2143 655 2174; x_wconf 87' lang='lat'>11.</span> <span class='ocrx_word' id='word_1_431' title='bbox 677 2152 705 2181; x_wconf 92' lang='lat' dir='ltr'>p.</span> <span class='ocrx_word' id='word_1_432' title='bbox 723 2151 791 2182; x_wconf 77' lang='lat'>543.</span> <span class='ocrx_word' id='word_1_433' title='bbox 817 2142 869 2173; x_wconf 83' lang='lat' dir='ltr'>Iste</span> <span class='ocrx_word' id='word_1_434' title='bbox 886 2143 1003 2181; x_wconf 81' lang='lat' dir='ltr'>quidem</span> <span class='ocrx_word' id='word_1_435' title='bbox 1021 2141 1076 2174; x_wconf 75' lang='lat' dir='ltr'>offa</span> <span class='ocrx_word' id='word_1_436' title='bbox 1101 2143 1132 2172; x_wconf 85' lang='lat' dir='ltr'>in</span> <span class='ocrx_word' id='word_1_437' title='bbox 1156 2143 1267 2182; x_wconf 84' lang='lat' dir='ltr'>pultem</span> <span class='ocrx_word' id='word_1_438' title='bbox 1292 2142 1386 2175; x_wconf 85' lang='lat' dir='ltr'>albam</span> <span class='ocrx_word' id='word_1_439' title='bbox 1401 2165 1410 2181; x_wconf 93' lang='lat'><strong><em>,</em></strong></span> <span class='ocrx_word' id='word_1_440' title='bbox 1437 2142 1475 2175; x_wconf 93' lang='lat' dir='ltr'>ob</span> <span class='ocrx_word' id='word_1_441' title='bbox 1490 2141 1547 2174; x_wconf 82' lang='lat' dir='ltr'>loci</span> <span class='ocrx_word' id='word_1_442' title='bbox 1568 2142 1728 2176; x_wconf 77' lang='lat' dir='ltr'>umbrosam</span> 
     </span>
     <span class='ocr_line' id='line_1_35' title="bbox 116 2181 642 2220; baseline 0.004 -8"><span class='ocrx_word' id='word_1_443' title='bbox 116 2181 321 2212; x_wconf 49' lang='lat' dir='ltr'>*humiditatem</span> <span class='ocrx_word' id='word_1_444' title='bbox 345 2183 472 2220; x_wconf 73' lang='lat' dir='ltr'>dilapsa,</span> <span class='ocrx_word' id='word_1_445' title='bbox 503 2183 642 2214; x_wconf 84' lang='lat' dir='ltr'>describit.</span> 
     </span>
    </p>

    <p class='ocr_par' dir='ltr' id='par_1_7' title="bbox 164 2221 866 2263">
     <span class='ocr_line' id='line_1_36' title="bbox 164 2221 866 2263; baseline 0.004 -11"><span class='ocrx_word' id='word_1_446' title='bbox 164 2221 226 2260; x_wconf 78' lang='lat' dir='ltr'>(p)</span> <span class='ocrx_word' id='word_1_447' title='bbox 249 2221 342 2260; x_wconf 66' lang='lat' dir='ltr'>Dqs&#39;cr.</span> <span class='ocrx_word' id='word_1_448' title='bbox 366 2222 401 2260; x_wconf 90' lang='lat' dir='ltr'>of</span> <span class='ocrx_word' id='word_1_449' title='bbox 419 2225 465 2254; x_wconf 77' lang='lat' dir='ltr'>the</span> <span class='ocrx_word' id='word_1_450' title='bbox 487 2224 609 2263; x_wconf 68' lang='lat' dir='ltr'>western</span> <span class='ocrx_word' id='word_1_451' title='bbox 630 2226 741 2256; x_wconf 76' lang='lat' dir='ltr'>Islands</span> <span class='ocrx_word' id='word_1_452' title='bbox 769 2234 796 2263; x_wconf 87' lang='lat' dir='ltr'>p.</span> <span class='ocrx_word' id='word_1_453' title='bbox 820 2229 866 2255; x_wconf 78' lang='lat'>60.</span> 
     </span>
    </p>

    <p class='ocr_par' dir='ltr' id='par_1_8' title="bbox 163 2263 1044 2303">
     <span class='ocr_line' id='line_1_37' title="bbox 163 2263 1044 2303; baseline 0.006 -13"><span class='ocrx_word' id='word_1_454' title='bbox 163 2263 228 2302; x_wconf 78' lang='lat' dir='ltr'>(q)</span> <span class='ocrx_word' id='word_1_455' title='bbox 250 2265 286 2293; x_wconf 82' lang='lat' dir='ltr'>ln</span> <span class='ocrx_word' id='word_1_456' title='bbox 303 2265 451 2292; x_wconf 71' lang='lat' dir='ltr'>itineribus</span> <span class='ocrx_word' id='word_1_457' title='bbox 473 2269 633 2300; x_wconf 74' lang='lat' dir='ltr'>germanice</span> <span class='ocrx_word' id='word_1_458' title='bbox 659 2266 758 2303; x_wconf 77' lang='lat' dir='ltr'>Tiguri</span> <span class='ocrx_word' id='word_1_459' title='bbox 786 2270 871 2302; x_wconf 80' lang='lat'>1678.</span> <span class='ocrx_word' id='word_1_460' title='bbox 900 2268 928 2297; x_wconf 86' lang='grc'>8.</span> <span class='ocrx_word' id='word_1_461' title='bbox 952 2267 1044 2297; x_wconf 83' lang='lat' dir='ltr'>editis.</span> 
     </span>
    </p>

    <p class='ocr_par' dir='ltr' id='par_1_9' title="bbox 163 2302 1233 2349">
     <span class='ocr_line' id='line_1_38' title="bbox 163 2302 1233 2349; baseline 0.009 -16"><span class='ocrx_word' id='word_1_462' title='bbox 163 2304 231 2341; x_wconf 86' lang='lat' dir='ltr'>(r)</span> <span class='ocrx_word' id='word_1_463' title='bbox 255 2302 492 2342; x_wconf 65' lang='lat' dir='ltr'>Anfungsgruncle</span> <span class='ocrx_word' id='word_1_464' title='bbox 512 2306 562 2334; x_wconf 77' lang='lat' dir='ltr'>der</span> <span class='ocrx_word' id='word_1_465' title='bbox 582 2306 792 2346; x_wconf 63' lang='lat' dir='ltr'>mcchangfihen</span> <span class='ocrx_word' id='word_1_466' title='bbox 816 2308 1089 2349; x_wconf 61' lang='lat' dir='ltr'>Araneygelahrheit</span> <span class='ocrx_word' id='word_1_467' title='bbox 1100 2331 1108 2347; x_wconf 84' lang='lat'>,</span> <span class='ocrx_word' id='word_1_468' title='bbox 1131 2318 1164 2348; x_wconf 65' lang='grc' dir='ltr'>Ρ.</span> <span class='ocrx_word' id='word_1_469' title='bbox 1184 2313 1233 2346; x_wconf 57' lang='grc' dir='ltr'>Ζᾷὀ</span> 
     </span>
    </p>

    <p class='ocr_par' dir='ltr' id='par_1_10' title="bbox 163 2345 722 2389">
     <span class='ocr_line' id='line_1_39' title="bbox 163 2345 722 2389; baseline 0.009 -14"><span class='ocrx_word' id='word_1_470' title='bbox 163 2345 221 2384; x_wconf 83' lang='lat' dir='ltr'>(s)</span> <span class='ocrx_word' id='word_1_471' title='bbox 244 2345 346 2377; x_wconf 68' lang='lat' dir='ltr'>Hilior.</span> <span class='ocrx_word' id='word_1_472' title='bbox 376 2348 426 2376; x_wconf 77' lang='lat' dir='ltr'>vit.</span> <span class='ocrx_word' id='word_1_473' title='bbox 452 2345 492 2384; x_wconf 56' lang='grc' dir='ltr'>’ἐξ</span> <span class='ocrx_word' id='word_1_474' title='bbox 517 2355 600 2379; x_wconf 81' lang='lat' dir='ltr'>mort.</span> <span class='ocrx_word' id='word_1_475' title='bbox 627 2359 653 2387; x_wconf 87' lang='lat' dir='ltr'>p.</span> <span class='ocrx_word' id='word_1_476' title='bbox 675 2353 722 2389; x_wconf 83' lang='lat'>67.</span> 
     </span>
    </p>

    <p class='ocr_par' dir='ltr' id='par_1_11' title="bbox 162 2386 380 2426">
     <span class='ocr_line' id='line_1_40' title="bbox 162 2386 380 2426; baseline 0.009 -10"><span class='ocrx_word' id='word_1_477' title='bbox 162 2386 228 2425; x_wconf 84' lang='lat' dir='ltr'>(t)</span> <span class='ocrx_word' id='word_1_478' title='bbox 249 2389 287 2419; x_wconf 82' lang='lat' dir='ltr'>N.</span> <span class='ocrx_word' id='word_1_479' title='bbox 312 2398 380 2426; x_wconf 73' lang='lat'>475.</span> 
     </span>
    </p>

    <p class='ocr_par' dir='ltr' id='par_1_12' title="bbox 165 2427 883 2474">
     <span class='ocr_line' id='line_1_41' title="bbox 165 2427 883 2474; baseline 0.011 -17"><span class='ocrx_word' id='word_1_480' title='bbox 165 2427 232 2467; x_wconf 80' lang='grc' dir='ltr'>(ιι)</span> <span class='ocrx_word' id='word_1_481' title='bbox 254 2432 479 2469; x_wconf 65' lang='lat' dir='ltr'>Merkwurdige</span> <span class='ocrx_word' id='word_1_482' title='bbox 501 2431 721 2467; x_wconf 74' lang='lat' dir='ltr'>baarkrankheic</span> <span class='ocrx_word' id='word_1_483' title='bbox 735 2457 744 2474; x_wconf 91' lang='lat'>‚</span> <span class='ocrx_word' id='word_1_484' title='bbox 766 2445 797 2473; x_wconf 84' lang='lat' dir='ltr'>p.</span> <span class='ocrx_word' id='word_1_485' title='bbox 814 2442 883 2472; x_wconf 65' lang='lat'>229,</span> 
     </span>
    </p>

    <p class='ocr_par' dir='ltr' id='par_1_13' title="bbox 162 2469 703 2514">
     <span class='ocr_line' id='line_1_42' title="bbox 162 2469 703 2514; baseline 0.015 -15"><span class='ocrx_word' id='word_1_486' title='bbox 162 2469 233 2510; x_wconf 76' lang='lat' dir='ltr'>(x)</span> <span class='ocrx_word' id='word_1_487' title='bbox 255 2472 336 2504; x_wconf 66' lang='lat' dir='ltr'>Arm.</span> <span class='ocrx_word' id='word_1_488' title='bbox 364 2481 448 2512; x_wconf 77' lang='lat'>1723-</span> <span class='ocrx_word' id='word_1_489' title='bbox 475 2483 507 2512; x_wconf 82' lang='lat' dir='ltr'>p.</span> <span class='ocrx_word' id='word_1_490' title='bbox 528 2483 593 2514; x_wconf 79' lang='lat'>177-</span> <span class='ocrx_word' id='word_1_491' title='bbox 698 2496 703 2502; x_wconf 42' lang='grc' dir='ltr'>ι</span> 
     </span>
    </p>
   </div>
  </div>
 </body>
</html>
