2003 2748
504 167 810 209 SECT.J.
876 163 1298 206 ARTER1AE;
1604 176 1679 203 101

94 270 190 320 (h).
222 269 407 308 Lacrumae
429 265 630 317 sanguineae
654 268 692 304 in
721 273 848 304 tenero
872 263 996 314 puello
1027 264 1100 310 (ι’)
1159 260 1299 298 Menses
1322 272 1385 310 per
1415 261 1543 299 oculos
1564 268 1683 309 gutta-¹

95 332 162 367 tim
189 342 207 367 a
233 329 384 379 septimo
411 340 507 365 anno
531 327 575 364 ad
596 327 779 364 decimum
802 326 948 361 tertium
965 351 974 365 ‚
1006 322 1090 359 inde
1106 321 1150 357 ad
1170 321 1328 358 naturale
1350 322 1413 357 iter
1431 320 1559 359 reversi
1580 323 1595 369 (
1613 323 1634 358 k
1651 322 1678 367 ).

96 389 139 426 In
168 388 389 437 vertiginoso
416 387 501 424 felix
527 398 590 435 per
612 385 739 423 oculos
768 385 804 421 δε
840 382 1009 433 copiosa,
1059 383 1219 430 quinque
1253 382 1359 417 etiam
1390 382 1578 419 unciarum
1603 379 1682 429 (l)

99 448 279 497 sanguinis
300 446 432 484 effnfio.
470 445 631 483 Maxima
646 443 906 491 haemorrhagia
940 454 985 479 ex
1002 441 1137 490 angulo
1152 440 1401 490 palpebrarum
1419 441 1502 489 (m).

156 507 210 546 Ex
234 508 343 544 dueiu
366 505 495 542 salivali
523 504 664 552 sanguis
692 503 893 540 menstruus
915 500 1019 539 fluxit
1038 500 1056 548 (
1073 512 1096 536 n
1112 501 1137 545 ).

156 566 239 604 Post
263 564 426 613 exempla
466 563 551 606 ista,
596 574 755 612 quorum
796 561 881 598 loco
908 561 1025 598 multo
1058 559 1234 606 majorem
1261 571 1455 596 numerum
1486 571 1684 609 congerere

96 623 266 667 licuisset,
286 623 471 673 poffumus
482 634 600 660 carere
616 622 690 659 aliis
706 650 715 664 ‚
747 622 862 669 magis
876 632 894 657 a
907 618 1059 657 naturali
1076 619 1239 667 corporis
1261 619 1349 655 statu
1371 619 1511 662 alienis,
1544 619 1684 668 sangui-

96 686 151 721 nis
179 697 241 733 per
262 683 387 721 dubius
415 683 636 720 excretorios
666 680 908 719 effusionibus.
946 677 1175 716 Paucissimos
1202 679 1447 715 excitabimus.
1486 678 1515 715 A
1543 678 1687 727 serpen-

96 745 141 781 tis
166 743 326 781 Ibiracoa
362 742 485 780 morsu
512 741 653 790 sanguis
679 753 743 791 per
768 752 893 782 aures,
927 751 1028 775 nares
1046 766 1054 781 ,
1096 738 1132 774 δε
1160 737 1287 774 oculos
1322 736 1401 774 fluit
1434 735 1484 788 (ο
1502 738 1531 785 ).
1579 738 1685 776 Mor-

98 803 165 840 bus
192 803 249 840 ille
273 800 582 851 periculofiflimus
601 829 611 844 ‚
652 812 762 851 quem
795 800 844 837 ob
865 798 1076 846 sanguinem
1118 798 1156 833 in
1187 796 1320 834 flavum
1349 796 1512 834 ichorem
1542 797 1688 835 dissolu-

97 870 178 899 tum
201 862 310 910 Angli
318 861 461 908 flavam
466 859 604 908 febrem
622 859 715 900 Galli
742 858 831 896 [Hal
853 859 892 895 de
919 857 1017 894 Siam
1040 863 1173 893 vocant
1188 884 1198 898 ‚
1234 855 1512 904 haemorrhagiae.
1535 869 1598 905 per
1628 869 1689 894 au-

97 933 177 963 reS,
217 934 339 963 nares,
387 919 583 969 oculosque
612 918 763 968 aliasque
786 918 949 967 corporis
970 923 1085 965 partes
1115 917 1185 952 ciet
1201 943 1210 957 ‚
1254 915 1396 952 funesto
1422 915 1593 963 equidem
1615 915 1689 953 fere

99 988 231 1017 eventu
250 983 266 1026 (
276 988 301 1027 p
318 982 343 1026 ).
377 978 430 1018 Ex
451 978 586 1028 philtro
618 979 702 1016 dato
725 977 866 1026 sanguis
893 988 956 1025 per
973 987 1073 1012 renes
1088 1004 1097 1016 ,
1138 974 1312 1012 lacrumas
1328 1003 1337 1017 ‚
1369 975 1563 1011 ceruininis
1585 976 1658 1012 vias
1674 1004 1685 1018 ,

100 1041 218 1088 erupit
239 1041 255 1086 (
269 1052 289 1087 q
305 1039 336 1086 ).
381 1037 423 1076 In
444 1038 582 1075 isterica
603 1038 742 1085 sanguis
765 1037 809 1074 ad
834 1036 920 1073 duas
945 1035 1049 1071 libras
1074 1045 1119 1070 ex
1146 1033 1316 1081 glandula
1343 1033 1526 1070 lacrumali
1554 1033 1681 1077 fluxit,

99 1097 241 1136 funesto
264 1099 393 1147 pariter
415 1104 545 1134 eventu
569 1096 664 1144 (r).
702 1095 854 1143 Sanguis
875 1096 912 1131 in
933 1093 1074 1130 variolis
1094 1092 1270 1141 pessimis,
1303 1104 1366 1142 per
1380 1094 1498 1130 urinas
1520 1091 1620 1136 fluit,
1649 1101 1690 1133 ut

101 1164 222 1195 tamen
245 1157 326 1206 post
351 1156 388 1193 id
410 1156 615 1205 symptoma
635 1157 721 1203 aegri
746 1166 826 1191 raro
849 1153 970 1191 vitales
997 1152 1147 1189 evadant
1173 1151 1265 1199 (s).

158 1215 247 1253 Haec
274 1215 439 1264 exempla
460 1216 615 1251 omnino
640 1213 684 1250 ad
707 1213 871 1250 nostrum
895 1211 1007 1248 finem
1034 1211 1178 1249 faciunt.
1213 1210 1284 1248 Etfi
1312 1211 1409 1247 enim
1434 1210 1546 1248 aliena
1566 1211 1646 1249 sunt
1670 1224 1690 1249 a

98 1273 227 1313 salubri
258 1275 422 1323 corporis
445 1273 590 1315 habitu,
627 1279 748 1310 tamen
769 1283 847 1309 non
864 1270 991 1309 solidas
1023 1277 1139 1318 partes
1159 1277 1280 1318 ruptas
1296 1298 1306 1312 ,
1351 1269 1533 1319 novasque
1555 1278 1690 1319 parata-s

99 1335 222 1372 cruori
243 1335 316 1371 vias
337 1340 519 1382 arguunt,
558 1332 617 1369 sed
640 1333 748 1370 unice
774 1330 955 1379 sanguinis
973 1328 1251 1367 dissolutionem.
1289 1327 1429 1366 Verum
1450 1341 1549 1367 nunc
1573 1330 1692 1366 osten-

102 1392 268 1430 dendum
290 1391 499 1435 sumsimus,
535 1391 660 1430 durius
681 1392 904 1428 excretorios
926 1389 1023 1426 suam
1045 1390 1227 1436 originem
1256 1388 1299 1424 ab
1324 1389 1457 1425 arteriis
1483 1388 1691 1436 sanguiferis

101 1451 292 1490 deducere.
329 1450 416 1489 Earn
436 1463 524 1488 vero
551 1450 900 1489 demonstrationem
918 1448 1008 1485 nihil
1036 1448 1236 1498 quidquam
1259 1446 1497 1485 debilitaverit
1523 1448 1693 1486 morbosa

101 1510 330 1549 vasculorum
361 1511 486 1547 laxitas
502 1538 510 1552 ‚
545 1516 606 1546 aut
625 1510 775 1547 tenuitas
797 1508 986 1556 sanguinis.

161 1569 334 1620 Denique
351 1569 435 1606 addi
449 1568 588 1617 potest,
625 1567 686 1604 etsi
707 1579 826 1605 rarum
850 1567 899 1604 est
913 1595 922 1609 ‚
957 1566 1032 1603 dari
1050 1572 1170 1604 tamen
1188 1565 1418 1614 exemplum,
1453 1567 1490 1602 in
1508 1578 1582 1615 quo
1603 1578 1692 1604 con-

100 1629 258 1666 tinuatio
291 1628 416 1666 dustus
450 1627 643 1666 excretorii
667 1638 752 1665 cum
783 1628 907 1663 arteria
940 1626 1047 1663 rubra
1075 1637 1168 1674 pene
1199 1625 1245 1662 ad
1275 1625 1426 1663 oculum
1456 1625 1692 1663 demonstrari

99 1688 221 1737 potest
253 1687 273 1735 (
293 1694 308 1724 t
322 1689 350 1734 ).

165 1746 352 1796 Siquidem
377 1746 468 1784 adeo
493 1747 529 1783 δε
554 1745 674 1793 injecti
701 1745 861 1794 liquores
887 1756 932 1781 ex
963 1746 1087 1783 arteria
1118 1745 1225 1783 rubra
1253 1744 1290 1780 in
1315 1745 1539 1781 excretorios
1565 1743 1691 1782 durius

103 1807 220 1853 varios
249 1806 378 1855 absque
402 1818 504 1843 mora
520 1834 529 1848 ,
567 1812 628 1843 aut
656 1805 817 1842 excitatis
843 1803 990 1841 nodulis
1021 1804 1200 1842 transeunt
1222 1815 1228 1839 2
1267 1802 1444 1852 siquidem
1466 1803 1607 1852 sanguis
1633 1816 1693 1841 ru-

104 1865 169 1902 ber
194 1867 300 1902 etiam
326 1877 345 1902 a
368 1864 506 1903 levibus
536 1863 733 1913 solidasque
763 1871 858 1901 certe
894 1870 1010 1912 partes
1038 1876 1117 1902 non
1150 1863 1374 1901 mutantibus
1395 1860 1527 1905 caufis,
1568 1865 1606 1898 in
1631 1874 1693 1899 eos

107 1923 234 1963 duetus
265 1924 414 1963 elabitur
427 1953 438 1968 ,
473 1923 498 1961 fi
512 1923 661 1974 quidem
688 1923 845 1974 denique
865 1922 963 1960 oculi
984 1923 1091 1973 ipfius
1111 1923 1360 1960 testimonium
1381 1921 1540 1964 accedit,
1576 1923 1697 1959 omni-

1084 1983 1122 2020 N
1188 1992 1205 2025 3
1645 1992 1697 2017 no
1715 2001 1719 2004 -

147 2039 214 2076 (h)
239 2041 321 2069 Diar.
353 2037 543 2077 Trivultienfi’
566 2039 707 2076 Maj-Jun.
738 2047 823 2076 ¹701.

146 2079 212 2116 (i)
240 2080 307 2117 Eph.
333 2082 401 2110 Nat.
429 2083 493 2110 Cur.
514 2083 579 2109 Dec.
605 2080 625 2109 Ι.
639 2090 707 2109 ann.
730 2084 755 2109 6.
781 2089 806 2116 7.
831 2077 888 2109 obs.
917 2087 983 2110 200.

148 2121 213 2156 (le)
235 2120 410 2151 Hsswao
431 2120 585 2155 obs.140¹

147 2162 215 2197 (l)
239 2161 339 2191 Zacut.
365 2161 441 2191 Lus
457 2172 467 2190 1
483 2171 513 2192 τ.
533 2161 591 2199 hist.
611 2162 674 2190 med
703 2161 804 2189 mirab.
834 2160 871 2189 ob
904 2168 948 2198 54,

148 2202 220 2237 (νη)
244 2202 265 2231 Β
278 2213 294 2230 L
307 2213 326 2231 A
342 2212 363 2231 N
377 2212 394 2232 c
407 2212 423 2230 Α
438 2212 455 2231 R
474 2212 491 2231 n
516 2202 691 2239 Jaarregifler
710 2201 791 2230 Cent.
817 2200 879 2230 VH.
904 2199 960 2228 obs.
981 2208 1027 2237 27.

148 2243 219 2279 (n)
243 2243 311 2279 Eph.
342 2245 410 2272 Nm.
430 2245 494 2271 Cur.
518 2245 585 2273 Dec.
610 2242 659 2272 lli.
684 2252 749 2270 ann.
772 2252 798 2281 7.
828 2247 854 2276 8.
887 2238 940 2278 olfi
955 2246 1004 2276 48.

148 2283 220 2319 (ο)
244 2282 264 2311 Ρ
278 2294 286 2311 ι
301 2293 311 2312 s
324 2292 342 2311 o
364 2283 424 2319 hist.
448 2289 508 2312 nat.
534 2284 601 2313 Ind.
619 2293 646 2321 p.
670 2287 742 2319 27⁶·

148 2324 190 2360 (p
203 2325 216 2357 )
240 2324 295 2355 Cn
308 2335 320 2353 εἰ
334 2334 350 2352 ν
363 2334 383 2352 Α
396 2335 412 2352 ι,
426 2334 433 2352 ι
448 2334 461 2352 ε
473 2334 491 2352 a
517 2324 623 2354 malad.
654 2325 687 2352 de
712 2325 739 2353 S.
772 2323 935 2359 Domingue
967 2331 995 2360 p.
1024 2332 1050 2357 ς.
1072 2321 1119 2352 Lo
1131 2332 1151 2352 Y
1164 2332 1178 2352 Ε
1191 2331 1210 2352 Β.
1230 2331 1332 2361 voyage
1354 2321 1485 2362 d‘ffgvy
1511 2327 1581 2362 ΜΤ,

149 2364 222 2402 (q)
245 2366 333 2394 Hem:
361 2364 396 2393 ab
415 2364 470 2393 HE
487 2374 502 2393 n
515 2374 532 2393 R
547 2375 558 2394 s
584 2362 637 2403 obs.
663 2365 758 2402 oppido
778 2373 835 2392 rur.
857 2373 884 2401 p.
911 2363 976 2394 126.
1005 2362 1077 2403 seqq.

147 2404 218 2440 (r)
235 2405 313 2434 fflhz'l.
339 2402 492 2442 Trmffizff.
521 2415 548 2433 n.
578 2411 644 2439 208.

149 2444 215 2480 (s)
238 2444 394 2475 LtsTssR
421 2446 454 2474 de
471 2446 568 2474 vario).
592 2456 616 2482 p.
639 2455 688 2481 93.

149 2485 216 2523 (t)
239 2485 260 2515 B
276 2496 292 2516 E
304 2495 326 2516 R
338 2495 358 2515 T
372 2496 382 2515 1
395 2495 416 2515 N
445 2487 584 2518 ,Memcw'n
609 2487 642 2516 de
657 2486 770 2518 l'Acad.
799 2483 954 2525 desscienc.
984 2495 1070 2527 1744.
1097 2495 1125 2526 p.
1146 2488 1194 2525 98.
1220 2497 1265 2525 99„
