2003 2748
301 179 378 216 128
815 170 1087 210 LIB.II.
1152 168 1383 210 VASA:

299 277 381 312 tur,
421 280 485 317 per
511 273 650 304 aetatem
676 268 884 305 arteriarum
911 266 1097 305 denfitates
1118 267 1313 305 increscere
1337 267 1391 315 (le
1408 266 1428 316 )
1443 294 1452 309 ‚
1487 279 1661 306 venarum
1683 280 1759 306 non
1787 269 1885 307 item.

299 327 480 366 Caeterum
502 326 556 363 hae
575 325 763 364 densitates
786 328 824 364 in
849 329 974 365 arteria
996 336 1095 364 aorta
1120 327 1202 365 sunt
1227 339 1266 364 m
1298 328 1378 365 viro
1407 326 1452 364 ad
1472 338 1603 376 aquam
1634 328 1687 365 uti
1720 334 1809 364 106.
1840 328 1886 365 ad

302 397 395 423 ³00.
427 388 465 423 in
490 398 581 422 vena
608 398 692 423 cava
714 387 768 423 uti
795 398 885 423 110.
909 387 954 423 ad
977 398 1067 423 100.
1095 388 1130 423 Sc
1146 388 1238 424 intra
1261 386 1329 424 hos
1354 398 1527 424 numeros
1555 397 1642 432 105.
1669 387 1704 423 δι
1732 397 1745 421 1
1761 398 1821 424 10.
1842 387 1887 424 ad

302 457 395 482 100.
434 446 509 482 liaec
534 447 624 482 ratio
648 444 849 484 solidorum
874 445 1040 484 vasorum
1066 446 1110 483 ad
1135 458 1266 495 aquam
1288 446 1360 483 fere
1385 447 1603 483 continetur.

356 504 533 553 Adparuit
552 516 725 542 venarum
744 504 952 542 densitatem
968 504 1130 554 superare
1144 504 1350 542 densitatem
1367 506 1584 543 arteriarum.
1620 503 1761 542 Verum
1780 505 1887 542 etiam

297 577 469 601 venarum
495 564 649 607 robora,
691 566 898 602 arteriarum
924 565 1058 602 robora
1080 564 1296 614 plerumque
1323 564 1513 613 superant,
1548 564 1618 602 five
1635 563 1736 613 quod
1754 564 1887 601 eodem

297 624 414 667 redit,
453 625 629 671 majorem
651 623 908 661 distentionem
931 636 1030 661 venae
1053 624 1183 674 absque
1218 625 1389 673 ruptione
1415 624 1535 661 ferunt
1550 652 1559 666 ,
1606 636 1715 673 quam
1736 623 1887 672 quidem

296 685 441 721 arteriae.
474 682 626 720 Facilius
651 684 749 719 enim
775 684 910 721 cedunt
933 684 1104 731 &magis
1135 683 1326 720 dilatantur
1346 685 1480 720 arteriis
1498 711 1506 725 ‚
1549 695 1626 720 non
1649 683 1766 720 solum
1790 689 1885 720 certe

296 744 334 780 in
359 744 498 781 ratione
521 742 718 791 quadrupla
743 742 824 790 (l)
856 742 916 780 sed
935 742 1049 790 longe
1068 743 1206 790 majori.
1241 741 1460 779 Incredibile
1475 742 1543 785 est,
1566 744 1604 779 in
1620 750 1797 791 quantum
1814 742 1886 779 sac-

296 814 380 839 cum
407 814 497 839 vena
516 799 690 850 jugulatis
723 808 785 839 aut
807 814 886 839 cera
901 831 910 844 ‚
947 811 1008 839 aur
1034 802 1215 839 mercurio
1236 800 1389 838 distendi
1412 800 1540 850 pollit,
1579 802 1615 838 δε
1637 813 1744 850 quam
1768 800 1886 849 ampla

296 862 354 898 vel
378 863 612 898 minimarum
634 861 847 899 venularum
877 863 963 898 retia
982 860 1092 904 fiant,
1126 860 1275 910 quando
1301 873 1381 898 cera
1399 860 1608 910 replentur,
1645 861 1746 908 cujus
1764 861 1815 897 rei
1831 861 1886 896 ni·-

294 921 346 958 hil
367 920 478 957 simile
493 922 530 957 in
547 922 680 957 arteriis
694 920 754 963 fit,
789 932 896 970 quaS,
919 919 945 957 fi
963 921 1071 970 paulo
1084 920 1332 958 vehementius
1351 920 1579 962 distenderis,
1610 919 1711 957 facile
1726 931 1883 968 rumpas.

293 978 478 1017 Facillime
500 988 595 1017 certe
614 987 712 1017 aorta
727 980 790 1017 sub
815 979 1010 1017 transverso
1027 980 1127 1029 septo
1157 992 1175 1017 a
1195 992 1273 1017 cera
1296 979 1445 1028 impulsa
1466 987 1594 1028 crepat.
1631 978 1752 1027 Magis
1769 979 1885 1016 incre-

294 1039 423 1077 dibiles
442 1039 606 1077 suntillae
627 1040 724 1077 lente
743 1039 839 1076 factae
860 1039 1086 1076 dilatationes
1115 1051 1288 1076 venarum
1307 1067 1318 1081 ‚
1359 1050 1438 1087 quae
1467 1050 1486 1074 a
1520 1038 1658 1075 morbis
1686 1037 1803 1080 fiunt,
1847 1038 1885 1074 &

293 1097 401 1136 alicui
422 1099 562 1136 vulneri
589 1106 649 1136 aut
673 1098 909 1136 obstructioni
935 1098 1137 1136 medentur.
1183 1096 1328 1135 venam
1355 1097 1603 1146 spermaticam
1626 1109 1777 1135 omnem
1809 1096 1885 1135 san-

293 1160 415 1207 guinis
444 1170 537 1196 cavae
560 1170 659 1195 venae
682 1156 853 1195 revexisse
869 1186 878 1200 ,
922 1158 958 1194 &
993 1157 1121 1207 pollici
1146 1157 1280 1206 aequale
1307 1156 1433 1194 lumen
1455 1155 1615 1206 adtigisse
1645 1157 1720 1194 vidi
1755 1158 1880 1203 (m),

292 1217 467 1266 centuplo
495 1218 530 1254 &
557 1217 767 1266 millecuplo
788 1217 820 1254 se
838 1217 909 1266 ipsa
929 1217 1133 1254 audriorem.
1169 1215 1283 1253 Venae
1304 1216 1535 1264 gravidarum
1550 1224 1590 1254 ut
1605 1223 1812 1256 mutentur,
1841 1215 1885 1251 fi-

292 1289 483 1327 nuumque
508 1275 636 1313 slmiles
667 1276 776 1319 fiant,
815 1276 900 1313 alibi
923 1275 1071 1313 dicetur.
1109 1275 1178 1312 Sed
1208 1276 1405 1312 accuratius
1433 1275 1524 1312 vidit
1565 1274 1759 1322 Stephanus
1794 1272 1883 1311 HA-

293 1342 398 1378 Les,
438 1347 568 1373 venam
593 1336 796 1383 jugularem
820 1333 1014 1372 sustinuiffe
1041 1333 1256 1383 preffionem
1288 1334 1468 1372 columnae
1490 1345 1612 1383 aqueae
1636 1344 1712 1378 175
1743 1333 1885 1382 pedum

294 1395 306 1435 <
324 1407 348 1430 n
363 1397 379 1441 )
392 1424 401 1438 ,
435 1406 555 1444 neque
577 1402 719 1444 ruptam
744 1393 844 1432 fuiffe
857 1422 866 1437 ,
906 1406 991 1432 cum
1008 1395 1171 1431 arteriam
1187 1393 1386 1430 carotidem
1405 1392 1534 1442 preffio
1555 1392 1735 1430 columnae
1760 1404 1880 1442 aqueae

298 1465 311 1489 1
325 1465 379 1497 90
403 1454 541 1503 pedum
563 1456 689 1503 utique
713 1460 899 1502 rumperet
918 1456 935 1500 (
948 1453 998 1499 ο)
1016 1482 1025 1496 ,
1064 1464 1143 1502 quae
1157 1459 1260 1489 tanto
1282 1451 1461 1489 craffiores
1476 1452 1702 1489 membranas
1715 1452 1813 1489 nacta
1826 1451 1877 1503 ίῖῑ.Ἰ

351 1513 491 1551 Verum
518 1513 631 1561 longe
660 1515 775 1561 magis
810 1512 960 1550 sollicite
992 1512 1067 1550 haec
1097 1511 1263 1560 exposuit
1291 1510 1343 1549 lll.
1375 1523 1486 1562 quem
1519 1511 1635 1549 modo
1669 1512 1881 1553 citavimus,⁴

293 1573 529 1611 CLIFTON
565 1572 994 1610 Wmmmoflim.

349 1632 454 1670 Vena
474 1643 558 1669 cava
582 1644 698 1680 prope
719 1633 904 1680 originem
924 1643 1099 1669 venarum
1121 1630 1298 1669 renalium
1321 1632 1437 1668 arietis
1461 1643 1536 1668 non
1562 1632 1661 1680 prius
1683 1636 1787 1679 rupta
1807 1630 1877 1672 est,

290 1703 401 1740 quam
424 1704 442 1728 a
468 1691 631 1739 pondere
657 1691 828 1729 librarum
864 1696 954 1735 176.
985 1702 1069 1728 cum
1105 1697 1228 1739 quarta
1261 1689 1360 1727 librae
1385 1697 1484 1739 parte
1510 1691 1564 1737 (p
1580 1691 1606 1737 >.
1662 1688 1757 1727 Cum
1792 1701 1879 1726 vero

290 1752 414 1788 arteria
446 1750 602 1798 ejusdem
633 1750 723 1787 sedis
755 1757 942 1799 rumpatur
972 1762 990 1786 a
1023 1750 1187 1799 pondere
1220 1756 1296 1795 158
1326 1749 1346 1785 1.
1386 1761 1446 1786 11.
1475 1761 1556 1787 unc.
1591 1748 1631 1785 fit
1661 1749 1773 1786 robur
1804 1749 1880 1796 ejus

289 1821 391 1847 venae
412 1809 455 1846 ad
471 1810 634 1845 arteriam
662 1809 820 1846 sodalem
840 1810 877 1846 in
898 1810 1037 1846 ratione
1061 1820 1075 1843 1
1092 1820 1104 1843 1
1120 1820 1133 1843 1
1147 1821 1180 1845 0.
1204 1809 1249 1846 ad
1277 1820 1290 1843 1
1303 1820 1397 1844 000.
1421 1808 1476 1856 (q
1491 1808 1517 1854 ).

347 1869 389 1906 In
412 1868 544 1905 eodem
566 1868 734 1911 animali,
769 1868 828 1904 sed
849 1868 997 1905 inferius
1014 1896 1023 1910 ‚
1064 1867 1110 1904 ad
1130 1869 1312 1915 originem
1330 1879 1518 1904 ramorum
1538 1866 1748 1909 iliacorum,
1787 1878 1878 1903 vena

288 1940 372 1966 cava
384 1928 501 1965 adhuc
523 1927 725 1969 robustior,
761 1939 846 1964 cum
869 1933 970 1964 tanto
995 1927 1140 1963 tenuior
1158 1924 1260 1967 effer,
1289 1932 1409 1962 tamen
1429 1925 1512 1963 tulit
1525 1925 1669 1973 pondus
1692 1932 1754 1970 87.
1774 1925 1880 1962 libra-

288 1999 369 2025 rum
390 1999 474 2025 cum
496 1995 596 2036 parte
618 1994 740 2035 quarta
755 2015 764 2029 ,
812 1987 848 2023 &
875 1985 1058 2024 robustior
1079 1985 1146 2023 fuit
1174 1983 1285 2023 sodali
1310 1985 1457 2028 arteria,
1506 1985 1545 2022 in
1579 1985 1719 2024 ratione
1752 1995 1825 2030 105
1840 1995 1871 2027 3.

287 2047 331 2084 ad
362 2058 480 2083 1000.
507 2046 607 2095 (r).

1834 2102 1878 2140 In

326 2205 367 2235 (k
384 2205 398 2239 )
420 2204 523 2241 Exper.
556 2211 599 2231 ιο.

327 2246 395 2281 (Ι)
419 2245 466 2273 SA
482 2253 500 2272 υ
514 2253 532 2272 v
546 2253 563 2271 A
577 2252 617 2271 ns
629 2252 640 2271 s
669 2242 767 2273 Theor.
781 2241 881 2281 pulsus.
911 2253 940 2282 p.
964 2252 1011 2274 10.

327 2286 339 2317 (
349 2286 399 2321 m)
426 2281 554 2321 Opuscul.
575 2283 713 2320 patholog.
741 2283 798 2313 obs.
829 2293 876 2313 20.

326 2326 397 2362 (η)
421 2322 619 2362 Hamastatiks.
653 2333 679 2361 p.
710 2333 775 2361 159.

327 2365 491 2401 (o)1bid.
516 2373 544 2402 p.
571 2373 634 2400 155.

328 2408 370 2444 (p
392 2406 404 2442 )
426 2405 528 2442 Exper.
551 2413 600 2435 21.

327 2448 339 2483 (
354 2457 371 2485 q
385 2446 397 2482 )
421 2445 493 2475 lbid.

327 2487 397 2525 (a)
419 2486 522 2524 Exper.
552 2493 589 2522 27
