<?xml version="1.0" encoding="UTF-8"?>
<!DOCTYPE html PUBLIC "-//W3C//DTD XHTML 1.0 Transitional//EN"
    "http://www.w3.org/TR/xhtml1/DTD/xhtml1-transitional.dtd">
<html xmlns="http://www.w3.org/1999/xhtml" xml:lang="en" lang="en">
 <head>
  <title>
</title>
<meta http-equiv="Content-Type" content="text/html;charset=utf-8" />
  <meta name='ocr-system' content='tesseract 3.04.00' />
  <meta name='ocr-capabilities' content='ocr_page ocr_carea ocr_par ocr_line ocrx_word'/>
</head>
<body>
  <div class='ocr_page' id='page_1' title='image "./elementaphysiolo01hall_0428.png"; bbox 0 0 2003 2748; ppageno 0'>
   <div class='ocr_carea' id='block_1_1' title="bbox 319 143 1408 196">
    <p class='ocr_par' dir='ltr' id='par_1_1' title="bbox 319 143 1408 196">
     <span class='ocr_line' id='line_1_1' title="bbox 319 143 1408 196; baseline -0.001 -10"><span class='ocrx_word' id='word_1_1' title='bbox 319 159 401 196; x_wconf 83' lang='lat'>402</span> <span class='ocrx_word' id='word_1_2' title='bbox 852 143 1172 185; x_wconf 82' lang='lat' dir='ltr'><strong><em>LIB.1V.</em></strong></span> <span class='ocrx_word' id='word_1_3' title='bbox 1234 143 1408 187; x_wconf 83' lang='lat' dir='ltr'>COR.</span> 
     </span>
    </p>
   </div>
   <div class='ocr_carea' id='block_1_2' title="bbox 305 237 1919 1891">
    <p class='ocr_par' dir='ltr' id='par_1_2' title="bbox 314 237 1917 766">
     <span class='ocr_line' id='line_1_2' title="bbox 318 237 1917 292; baseline 0.001 -9"><span class='ocrx_word' id='word_1_4' title='bbox 318 257 425 283; x_wconf 83' lang='lat' dir='ltr'>cavea</span> <span class='ocrx_word' id='word_1_5' title='bbox 441 240 602 292; x_wconf 84' lang='lat' dir='ltr'>angustia</span> <span class='ocrx_word' id='word_1_6' title='bbox 628 241 646 290; x_wconf 84' lang='lat'>(</span> <span class='ocrx_word' id='word_1_7' title='bbox 658 237 688 289; x_wconf 84' lang='lat' dir='ltr'><em>f</em></span> <span class='ocrx_word' id='word_1_8' title='bbox 700 240 719 287; x_wconf 83' lang='grc'>)</span> <span class='ocrx_word' id='word_1_9' title='bbox 733 269 741 284; x_wconf 89' lang='grc'><em>,</em></span> <span class='ocrx_word' id='word_1_10' title='bbox 775 246 838 281; x_wconf 73' lang='lat' dir='ltr'>aut</span> <span class='ocrx_word' id='word_1_11' title='bbox 866 241 1062 290; x_wconf 82' lang='lat' dir='ltr'>impeditus</span> <span class='ocrx_word' id='word_1_12' title='bbox 1082 240 1211 291; x_wconf 83' lang='lat' dir='ltr'>pulmo</span> <span class='ocrx_word' id='word_1_13' title='bbox 1241 240 1341 290; x_wconf 83' lang='lat' dir='ltr'><em>(g).</em></span> <span class='ocrx_word' id='word_1_14' title='bbox 1377 239 1555 280; x_wconf 82' lang='lat' dir='ltr'>Auriculae</span> <span class='ocrx_word' id='word_1_15' title='bbox 1572 242 1671 279; x_wconf 84' lang='lat' dir='ltr'>enim</span> <span class='ocrx_word' id='word_1_16' title='bbox 1682 246 1805 282; x_wconf 82' lang='lat' dir='ltr'>&#39;tenera</span> <span class='ocrx_word' id='word_1_17' title='bbox 1821 242 1917 284; x_wconf 72' lang='lat' dir='ltr'>intet&#39;</span> 
     </span>
     <span class='ocr_line' id='line_1_3' title="bbox 317 300 1911 352; baseline 0.001 -11"><span class='ocrx_word' id='word_1_18' title='bbox 317 303 538 342; x_wconf 86' lang='lat' dir='ltr'>musculosos</span> <span class='ocrx_word' id='word_1_19' title='bbox 569 302 719 338; x_wconf 84' lang='lat' dir='ltr'>lacertos</span> <span class='ocrx_word' id='word_1_20' title='bbox 752 301 962 338; x_wconf 83' lang='lat' dir='ltr'>membrana</span> <span class='ocrx_word' id='word_1_21' title='bbox 986 301 1036 340; x_wconf 88' lang='lat' dir='ltr'>est</span> <span class='ocrx_word' id='word_1_22' title='bbox 1052 330 1060 344; x_wconf 92' lang='lat'>,</span> <span class='ocrx_word' id='word_1_23' title='bbox 1120 302 1157 340; x_wconf 73' lang='grc' dir='ltr'>δε</span> <span class='ocrx_word' id='word_1_24' title='bbox 1182 300 1350 340; x_wconf 77' lang='lat' dir='ltr'>facillime</span> <span class='ocrx_word' id='word_1_25' title='bbox 1377 301 1565 340; x_wconf 84' lang='lat' dir='ltr'>dilatabilis</span> <span class='ocrx_word' id='word_1_26' title='bbox 1582 330 1593 344; x_wconf 92' lang='lat'>,</span> <span class='ocrx_word' id='word_1_27' title='bbox 1642 301 1808 352; x_wconf 82' lang='lat' dir='ltr'>adeoque</span> <span class='ocrx_word' id='word_1_28' title='bbox 1833 315 1911 343; x_wconf 83' lang='lat' dir='ltr'>non</span> 
     </span>
     <span class='ocr_line' id='line_1_4' title="bbox 319 359 1915 410; baseline 0.001 -11"><span class='ocrx_word' id='word_1_29' title='bbox 319 361 509 400; x_wconf 84' lang='lat' dir='ltr'>difficulter</span> <span class='ocrx_word' id='word_1_30' title='bbox 533 373 551 397; x_wconf 85' lang='lat' dir='ltr'>a</span> <span class='ocrx_word' id='word_1_31' title='bbox 575 359 728 402; x_wconf 61' lang='lat' dir='ltr'>coll-edio</span> <span class='ocrx_word' id='word_1_32' title='bbox 754 360 925 408; x_wconf 85' lang='lat' dir='ltr'>sanguine</span> <span class='ocrx_word' id='word_1_33' title='bbox 946 360 1155 405; x_wconf 60' lang='lat' dir='ltr'>diducitur.</span> <span class='ocrx_word' id='word_1_34' title='bbox 1204 361 1241 399; x_wconf 65' lang='grc' dir='ltr'>ὃς</span> <span class='ocrx_word' id='word_1_35' title='bbox 1267 360 1418 399; x_wconf 87' lang='lat' dir='ltr'>demum</span> <span class='ocrx_word' id='word_1_36' title='bbox 1444 361 1633 410; x_wconf 84' lang='lat' dir='ltr'><strong>rumpitur.</strong></span> <span class='ocrx_word' id='word_1_37' title='bbox 1669 359 1712 398; x_wconf 84' lang='lat' dir='ltr'>In</span> <span class='ocrx_word' id='word_1_38' title='bbox 1739 361 1915 409; x_wconf 84' lang='lat' dir='ltr'>ejusmodi</span> 
     </span>
     <span class='ocr_line' id='line_1_5' title="bbox 319 419 1913 469; baseline -0.001 -8"><span class='ocrx_word' id='word_1_39' title='bbox 319 432 407 469; x_wconf 82' lang='lat' dir='ltr'>ergo</span> <span class='ocrx_word' id='word_1_40' title='bbox 429 419 610 468; x_wconf 74' lang='lat' dir='ltr'>sanguinis</span> <span class='ocrx_word' id='word_1_41' title='bbox 635 421 672 456; x_wconf 88' lang='lat' dir='ltr'>in</span> <span class='ocrx_word' id='word_1_42' title='bbox 698 420 871 461; x_wconf 76' lang='lat' dir='ltr'>auriculas</span> <span class='ocrx_word' id='word_1_43' title='bbox 895 420 1192 463; x_wconf 62' lang='lat' dir='ltr'>collectionibus,</span> <span class='ocrx_word' id='word_1_44' title='bbox 1232 421 1357 469; x_wconf 87' lang='lat' dir='ltr'>utique</span> <span class='ocrx_word' id='word_1_45' title='bbox 1378 433 1463 459; x_wconf 91' lang='lat' dir='ltr'>cum</span> <span class='ocrx_word' id='word_1_46' title='bbox 1486 422 1566 458; x_wconf 82' lang='lat' dir='ltr'>vitae</span> <span class='ocrx_word' id='word_1_47' title='bbox 1590 420 1756 458; x_wconf 81' lang='lat' dir='ltr'>humanae</span> <span class='ocrx_word' id='word_1_48' title='bbox 1785 420 1913 459; x_wconf 88' lang='lat' dir='ltr'>securi-</span> 
     </span>
     <span class='ocr_line' id='line_1_6' title="bbox 317 478 1915 529; baseline 0.001 -12"><span class='ocrx_word' id='word_1_49' title='bbox 317 487 410 521; x_wconf 88' lang='lat' dir='ltr'>tate,</span> <span class='ocrx_word' id='word_1_50' title='bbox 432 480 669 527; x_wconf 79' lang='lat' dir='ltr'>conjungitur</span> <span class='ocrx_word' id='word_1_51' title='bbox 694 479 873 527; x_wconf 80' lang='lat' dir='ltr'>sanguinis</span> <span class='ocrx_word' id='word_1_52' title='bbox 895 479 940 519; x_wconf 87' lang='lat' dir='ltr'>de</span> <span class='ocrx_word' id='word_1_53' title='bbox 957 481 1114 519; x_wconf 77' lang='lat' dir='ltr'>auricula</span> <span class='ocrx_word' id='word_1_54' title='bbox 1133 482 1170 517; x_wconf 91' lang='lat' dir='ltr'>in</span> <span class='ocrx_word' id='word_1_55' title='bbox 1197 492 1303 519; x_wconf 82' lang='lat' dir='ltr'>venas</span> <span class='ocrx_word' id='word_1_56' title='bbox 1323 482 1509 529; x_wconf 79' lang='lat' dir='ltr'>proximas</span> <span class='ocrx_word' id='word_1_57' title='bbox 1530 478 1686 517; x_wconf 83' lang='lat' dir='ltr'>refluxus</span> <span class='ocrx_word' id='word_1_58' title='bbox 1703 508 1712 522; x_wconf 94' lang='lat'>,</span> <span class='ocrx_word' id='word_1_59' title='bbox 1752 491 1830 529; x_wconf 76' lang='lat' dir='ltr'>quae</span> <span class='ocrx_word' id='word_1_60' title='bbox 1841 480 1915 519; x_wconf 84' lang='lat' dir='ltr'>san-</span> 
     </span>
     <span class='ocr_line' id='line_1_7' title="bbox 315 538 1915 588; baseline 0.001 -12"><span class='ocrx_word' id='word_1_61' title='bbox 315 540 529 588; x_wconf 18' lang='lat' dir='ltr'>guinirante</span> <span class='ocrx_word' id='word_1_62' title='bbox 554 538 749 587; x_wconf 80' lang='lat' dir='ltr'><strong>pulmones</strong></span> <span class='ocrx_word' id='word_1_63' title='bbox 768 538 981 588; x_wconf 67' lang='lat' dir='ltr'>exspectanti</span> <span class='ocrx_word' id='word_1_64' title='bbox 1003 551 1070 588; x_wconf 90' lang='lat' dir='ltr'>pro</span> <span class='ocrx_word' id='word_1_65' title='bbox 1095 539 1323 588; x_wconf 85' lang='lat' dir='ltr'>receptaculo</span> <span class='ocrx_word' id='word_1_66' title='bbox 1341 567 1349 581; x_wconf 92' lang='lat'><em>‚</em></span> <span class='ocrx_word' id='word_1_67' title='bbox 1389 540 1425 576; x_wconf 68' lang='grc' dir='ltr'>ἅτ</span> <span class='ocrx_word' id='word_1_68' title='bbox 1443 551 1510 588; x_wconf 85' lang='lat' dir='ltr'>pro</span> <span class='ocrx_word' id='word_1_69' title='bbox 1535 539 1641 576; x_wconf 89' lang='lat' dir='ltr'>altera</span> <span class='ocrx_word' id='word_1_70' title='bbox 1659 538 1755 588; x_wconf 70' lang='lat' dir='ltr'>quasi</span> <span class='ocrx_word' id='word_1_71' title='bbox 1775 540 1915 578; x_wconf 90' lang='lat' dir='ltr'>auricu-</span> 
     </span>
     <span class='ocr_line' id='line_1_8' title="bbox 315 596 1914 648; baseline 0.001 -13"><span class='ocrx_word' id='word_1_72' title='bbox 315 599 348 638; x_wconf 81' lang='lat' dir='ltr'>la</span> <span class='ocrx_word' id='word_1_73' title='bbox 374 598 464 636; x_wconf 89' lang='lat' dir='ltr'>sunt.</span> <span class='ocrx_word' id='word_1_74' title='bbox 512 596 610 641; x_wconf 88' lang='lat' dir='ltr'>Hinc</span> <span class='ocrx_word' id='word_1_75' title='bbox 634 610 652 640; x_wconf 80' lang='lat' dir='ltr'>a</span> <span class='ocrx_word' id='word_1_76' title='bbox 676 597 817 647; x_wconf 87' lang='lat' dir='ltr'>polypo</span> <span class='ocrx_word' id='word_1_77' title='bbox 851 607 1023 648; x_wconf 78' lang='lat' dir='ltr'>perpetua</span> <span class='ocrx_word' id='word_1_78' title='bbox 1053 599 1089 636; x_wconf 85' lang='lat'>&amp;</span> <span class='ocrx_word' id='word_1_79' title='bbox 1115 610 1160 636; x_wconf 84' lang='lat' dir='ltr'>ex</span> <span class='ocrx_word' id='word_1_80' title='bbox 1185 598 1314 637; x_wconf 83' lang='lat' dir='ltr'>ordine</span> <span class='ocrx_word' id='word_1_81' title='bbox 1337 598 1530 637; x_wconf 76' lang='lat' dir='ltr'><strong>succedens</strong></span> <span class='ocrx_word' id='word_1_82' title='bbox 1561 598 1712 647; x_wconf 76' lang='lat' dir='ltr'>pulsatio</span> <span class='ocrx_word' id='word_1_83' title='bbox 1739 610 1914 637; x_wconf 83' lang='lat' dir='ltr'>venarum</span> 
     </span>
     <span class='ocr_line' id='line_1_9' title="bbox 314 651 1915 707; baseline 0.001 -12"><span class='ocrx_word' id='word_1_84' title='bbox 314 657 536 706; x_wconf 78' lang='lat' dir='ltr'>jugulat-ium</span> <span class='ocrx_word' id='word_1_85' title='bbox 560 657 616 706; x_wconf 81' lang='lat' dir='ltr'>(h</span> <span class='ocrx_word' id='word_1_86' title='bbox 638 658 667 705; x_wconf 83' lang='grc'>).</span> <span class='ocrx_word' id='word_1_87' title='bbox 707 656 805 695; x_wconf 85' lang='lat' dir='ltr'>Cum</span> <span class='ocrx_word' id='word_1_88' title='bbox 824 651 952 707; x_wconf 82' lang='lat' dir='ltr'>polypi</span> <span class='ocrx_word' id='word_1_89' title='bbox 976 659 1013 694; x_wconf 83' lang='lat' dir='ltr'>in</span> <span class='ocrx_word' id='word_1_90' title='bbox 1040 657 1222 707; x_wconf 83' lang='lat' dir='ltr'>utriusque</span> <span class='ocrx_word' id='word_1_91' title='bbox 1248 660 1382 696; x_wconf 74' lang='lat' dir='ltr'>arteriae</span> <span class='ocrx_word' id='word_1_92' title='bbox 1401 658 1531 706; x_wconf 84' lang='lat' dir='ltr'>grandi</span> <span class='ocrx_word' id='word_1_93' title='bbox 1543 664 1674 696; x_wconf 75' lang='lat' dir='ltr'>trunco</span> <span class='ocrx_word' id='word_1_94' title='bbox 1700 656 1830 701; x_wconf 81' lang='lat' dir='ltr'>effe-nt,</span> <span class='ocrx_word' id='word_1_95' title='bbox 1859 659 1915 707; x_wconf 75' lang='lat' dir='ltr'>Ju-</span> 
     </span>
     <span class='ocr_line' id='line_1_10' title="bbox 314 715 1172 766; baseline 0 -13"><span class='ocrx_word' id='word_1_96' title='bbox 314 717 495 765; x_wconf 85' lang='lat' dir='ltr'>gularium</span> <span class='ocrx_word' id='word_1_97' title='bbox 520 727 692 759; x_wconf 79' lang='lat' dir='ltr'>venarum</span> <span class='ocrx_word' id='word_1_98' title='bbox 720 715 872 766; x_wconf 83' lang='lat' dir='ltr'>pulsatio</span> <span class='ocrx_word' id='word_1_99' title='bbox 903 717 979 764; x_wconf 80' lang='lat' dir='ltr'>(i)</span> <span class='ocrx_word' id='word_1_100' title='bbox 1000 716 1172 766; x_wconf 68' lang='lat' dir='ltr'>adparuit„</span> 
     </span>
    </p>

    <p class='ocr_par' dir='ltr' id='par_1_3' title="bbox 305 774 1919 1537">
     <span class='ocr_line' id='line_1_11' title="bbox 375 774 1915 826; baseline 0 -13"><span class='ocrx_word' id='word_1_101' title='bbox 375 775 582 814; x_wconf 85' lang='lat' dir='ltr'><strong>Periculum</strong></span> <span class='ocrx_word' id='word_1_102' title='bbox 606 787 692 813; x_wconf 87' lang='lat' dir='ltr'>vero</span> <span class='ocrx_word' id='word_1_103' title='bbox 726 775 855 813; x_wconf 79' lang='lat' dir='ltr'>funesti</span> <span class='ocrx_word' id='word_1_104' title='bbox 876 775 972 815; x_wconf 85' lang='lat' dir='ltr'>casus</span> <span class='ocrx_word' id='word_1_105' title='bbox 993 776 1211 819; x_wconf 83' lang='lat' dir='ltr'>ostendunt,</span> <span class='ocrx_word' id='word_1_106' title='bbox 1245 774 1285 813; x_wconf 82' lang='lat' dir='ltr'>in</span> <span class='ocrx_word' id='word_1_107' title='bbox 1306 776 1438 826; x_wconf 80' lang='lat' dir='ltr'>qulbus</span> <span class='ocrx_word' id='word_1_108' title='bbox 1460 774 1617 825; x_wconf 86' lang='lat' dir='ltr'>denique</span> <span class='ocrx_word' id='word_1_109' title='bbox 1640 776 1676 813; x_wconf 88' lang='lat'>&amp;</span> <span class='ocrx_word' id='word_1_110' title='bbox 1705 775 1915 825; x_wconf 66' lang='lat' dir='ltr'>tricuspides</span> 
     </span>
     <span class='ocr_line' id='line_1_12' title="bbox 314 823 1917 885; baseline -0.001 -11"><span class='ocrx_word' id='word_1_111' title='bbox 314 835 464 874; x_wconf 81' lang='lat' dir='ltr'>valvulae</span> <span class='ocrx_word' id='word_1_112' title='bbox 481 835 660 878; x_wconf 64' lang='lat' dir='ltr'>laceratae,</span> <span class='ocrx_word' id='word_1_113' title='bbox 690 836 726 872; x_wconf 65' lang='grc' dir='ltr'>δε</span> <span class='ocrx_word' id='word_1_114' title='bbox 746 847 837 873; x_wconf 86' lang='lat' dir='ltr'>vena</span> <span class='ocrx_word' id='word_1_115' title='bbox 864 847 950 873; x_wconf 84' lang='lat' dir='ltr'>cava</span> <span class='ocrx_word' id='word_1_116' title='bbox 972 843 1076 885; x_wconf 81' lang='lat' dir='ltr'>rupta</span> <span class='ocrx_word' id='word_1_117' title='bbox 1098 836 1190 878; x_wconf 87' lang='lat' dir='ltr'>fuit,</span> <span class='ocrx_word' id='word_1_118' title='bbox 1225 848 1315 874; x_wconf 57' lang='lat' dir='ltr'>*cum</span> <span class='ocrx_word' id='word_1_119' title='bbox 1338 848 1403 873; x_wconf 85' lang='lat' dir='ltr'>cor</span> <span class='ocrx_word' id='word_1_120' title='bbox 1429 835 1683 885; x_wconf 78' lang='lat' dir='ltr'>amplissimum</span> <span class='ocrx_word' id='word_1_121' title='bbox 1704 837 1720 882; x_wconf 87' lang='lat'>(</span> <span class='ocrx_word' id='word_1_122' title='bbox 1733 836 1755 872; x_wconf 79' lang='lat' dir='ltr'>lc</span> <span class='ocrx_word' id='word_1_123' title='bbox 1770 837 1784 881; x_wconf 87' lang='lat'><strong><em>)</em></strong></span> <span class='ocrx_word' id='word_1_124' title='bbox 1799 863 1808 877; x_wconf 92' lang='lat'>,</span> <span class='ocrx_word' id='word_1_125' title='bbox 1837 823 1917 872; x_wconf 66' lang='lat' dir='ltr'>adr-</span> 
     </span>
     <span class='ocr_line' id='line_1_13' title="bbox 315 894 1911 944; baseline -0.001 -12"><span class='ocrx_word' id='word_1_126' title='bbox 315 902 359 933; x_wconf 83' lang='lat' dir='ltr'>tae</span> <span class='ocrx_word' id='word_1_127' title='bbox 386 895 518 932; x_wconf 86' lang='lat' dir='ltr'>ostium</span> <span class='ocrx_word' id='word_1_128' title='bbox 545 894 680 932; x_wconf 81' lang='lat' dir='ltr'>brachii</span> <span class='ocrx_word' id='word_1_129' title='bbox 708 905 849 943; x_wconf 80' lang='lat' dir='ltr'>capax,</span> <span class='ocrx_word' id='word_1_130' title='bbox 889 895 927 931; x_wconf 69' lang='grc' dir='ltr'>δι</span> <span class='ocrx_word' id='word_1_131' title='bbox 955 895 1199 944; x_wconf 87' lang='lat' dir='ltr'>aneurysmate</span> <span class='ocrx_word' id='word_1_132' title='bbox 1225 895 1421 933; x_wconf 81' lang='lat' dir='ltr'>distentum</span> <span class='ocrx_word' id='word_1_133' title='bbox 1448 894 1540 933; x_wconf 86' lang='lat' dir='ltr'>effet.</span> <span class='ocrx_word' id='word_1_134' title='bbox 1593 894 1719 941; x_wconf 76' lang='lat' dir='ltr'>Quare</span> <span class='ocrx_word' id='word_1_135' title='bbox 1740 894 1911 943; x_wconf 81' lang='lat' dir='ltr'>adparet,</span> 
     </span>
     <span class='ocr_line' id='line_1_14' title="bbox 315 953 1915 1002; baseline -0.001 -10"><span class='ocrx_word' id='word_1_136' title='bbox 315 966 379 992; x_wconf 90' lang='lat' dir='ltr'>cur</span> <span class='ocrx_word' id='word_1_137' title='bbox 406 961 531 992; x_wconf 84' lang='lat' dir='ltr'>natura</span> <span class='ocrx_word' id='word_1_138' title='bbox 554 965 654 991; x_wconf 80' lang='lat' dir='ltr'>venae</span> <span class='ocrx_word' id='word_1_139' title='bbox 677 965 771 990; x_wconf 84' lang='lat' dir='ltr'>cavae</span> <span class='ocrx_word' id='word_1_140' title='bbox 795 964 910 1002; x_wconf 85' lang='lat' dir='ltr'>prope</span> <span class='ocrx_word' id='word_1_141' title='bbox 930 966 994 991; x_wconf 86' lang='lat' dir='ltr'>cor</span> <span class='ocrx_word' id='word_1_142' title='bbox 1018 953 1233 993; x_wconf 84' lang='lat' dir='ltr'>musculosas</span> <span class='ocrx_word' id='word_1_143' title='bbox 1257 953 1360 992; x_wconf 82' lang='lat' dir='ltr'>fibras</span> <span class='ocrx_word' id='word_1_144' title='bbox 1386 954 1526 992; x_wconf 82' lang='lat' dir='ltr'>dederit</span> <span class='ocrx_word' id='word_1_145' title='bbox 1542 982 1550 996; x_wconf 93' lang='lat'>‚</span> <span class='ocrx_word' id='word_1_146' title='bbox 1581 962 1622 992; x_wconf 88' lang='lat' dir='ltr'>ut</span> <span class='ocrx_word' id='word_1_147' title='bbox 1642 953 1756 991; x_wconf 84' lang='lat' dir='ltr'>refluo</span> <span class='ocrx_word' id='word_1_148' title='bbox 1781 965 1915 1002; x_wconf 82' lang='lat' dir='ltr'>nempe</span> 
     </span>
     <span class='ocr_line' id='line_1_15' title="bbox 313 1005 1919 1062; baseline 0.001 -12"><span class='ocrx_word' id='word_1_149' title='bbox 313 1013 486 1062; x_wconf 81' lang='lat' dir='ltr'>sanguine</span> <span class='ocrx_word' id='word_1_150' title='bbox 510 1012 544 1050; x_wconf 87' lang='lat' dir='ltr'>se</span> <span class='ocrx_word' id='word_1_151' title='bbox 567 1011 745 1050; x_wconf 82' lang='lat' dir='ltr'>efficacius</span> <span class='ocrx_word' id='word_1_152' title='bbox 775 1012 966 1050; x_wconf 76' lang='lat' dir='ltr'>liberaret:</span> <span class='ocrx_word' id='word_1_153' title='bbox 1003 1020 1083 1051; x_wconf 88' lang='lat' dir='ltr'>tum</span> <span class='ocrx_word' id='word_1_154' title='bbox 1098 1042 1108 1056; x_wconf 94' lang='lat'><strong><em>,</em></strong></span> <span class='ocrx_word' id='word_1_155' title='bbox 1155 1025 1218 1052; x_wconf 86' lang='lat' dir='ltr'>cur</span> <span class='ocrx_word' id='word_1_156' title='bbox 1244 1013 1346 1051; x_wconf 90' lang='lat' dir='ltr'>nulla</span> <span class='ocrx_word' id='word_1_157' title='bbox 1363 1013 1502 1052; x_wconf 79' lang='lat' dir='ltr'>valvula</span> <span class='ocrx_word' id='word_1_158' title='bbox 1527 1012 1706 1051; x_wconf 82' lang='lat' dir='ltr'>refluxum</span> <span class='ocrx_word' id='word_1_159' title='bbox 1732 1005 1919 1062; x_wconf 28' lang='lat' dir='ltr'>sanguinis*</span> 
     </span>
     <span class='ocr_line' id='line_1_16' title="bbox 314 1071 1912 1122; baseline -0.001 -13"><span class='ocrx_word' id='word_1_160' title='bbox 314 1073 353 1109; x_wconf 87' lang='lat' dir='ltr'>in</span> <span class='ocrx_word' id='word_1_161' title='bbox 375 1072 531 1110; x_wconf 81' lang='lat' dir='ltr'>auricula</span> <span class='ocrx_word' id='word_1_162' title='bbox 554 1071 717 1109; x_wconf 88' lang='lat' dir='ltr'>inhibere</span> <span class='ocrx_word' id='word_1_163' title='bbox 735 1071 892 1110; x_wconf 77' lang='lat' dir='ltr'>voluerit</span> <span class='ocrx_word' id='word_1_164' title='bbox 910 1101 919 1115; x_wconf 93' lang='lat'>‚</span> <span class='ocrx_word' id='word_1_165' title='bbox 964 1073 1066 1122; x_wconf 84' lang='lat' dir='ltr'>quod</span> <span class='ocrx_word' id='word_1_166' title='bbox 1086 1072 1298 1110; x_wconf 84' lang='lat' dir='ltr'>facillimum</span> <span class='ocrx_word' id='word_1_167' title='bbox 1322 1071 1446 1111; x_wconf 84' lang='lat' dir='ltr'>fuiffet.</span> <span class='ocrx_word' id='word_1_168' title='bbox 1497 1072 1594 1111; x_wconf 90' lang='lat' dir='ltr'>Nam</span> <span class='ocrx_word' id='word_1_169' title='bbox 1621 1072 1648 1110; x_wconf 92' lang='lat' dir='ltr'>E</span> <span class='ocrx_word' id='word_1_170' title='bbox 1665 1085 1684 1109; x_wconf 87' lang='lat' dir='ltr'>u</span> <span class='ocrx_word' id='word_1_171' title='bbox 1699 1084 1781 1109; x_wconf 75' lang='lat' dir='ltr'>sTA</span> <span class='ocrx_word' id='word_1_172' title='bbox 1798 1084 1882 1109; x_wconf 74' lang='lat' dir='ltr'>cul</span> <span class='ocrx_word' id='word_1_173' title='bbox 1896 1083 1912 1109; x_wconf 86' lang='lat'>1</span> 
     </span>
     <span class='ocr_line' id='line_1_17' title="bbox 313 1130 1914 1181; baseline 0 -12"><span class='ocrx_word' id='word_1_174' title='bbox 313 1131 475 1174; x_wconf 86' lang='lat' dir='ltr'>valvula‚</span> <span class='ocrx_word' id='word_1_175' title='bbox 511 1130 572 1168; x_wconf 87' lang='lat' dir='ltr'>etfi</span> <span class='ocrx_word' id='word_1_176' title='bbox 593 1131 817 1181; x_wconf 82' lang='lat' dir='ltr'>aliquantum</span> <span class='ocrx_word' id='word_1_177' title='bbox 841 1131 1000 1171; x_wconf 88' lang='lat' dir='ltr'>reditum</span> <span class='ocrx_word' id='word_1_178' title='bbox 1023 1132 1203 1181; x_wconf 83' lang='lat' dir='ltr'>sanguinis</span> <span class='ocrx_word' id='word_1_179' title='bbox 1225 1134 1262 1171; x_wconf 86' lang='lat' dir='ltr'>in</span> <span class='ocrx_word' id='word_1_180' title='bbox 1288 1143 1422 1170; x_wconf 87' lang='lat' dir='ltr'>venam</span> <span class='ocrx_word' id='word_1_181' title='bbox 1449 1145 1573 1171; x_wconf 81' lang='lat' dir='ltr'>cavam</span> <span class='ocrx_word' id='word_1_182' title='bbox 1602 1132 1814 1170; x_wconf 88' lang='lat' dir='ltr'>inferiorem</span> <span class='ocrx_word' id='word_1_183' title='bbox 1834 1143 1914 1169; x_wconf 86' lang='lat' dir='ltr'>mo-</span> 
     </span>
     <span class='ocr_line' id='line_1_18' title="bbox 314 1191 1916 1240; baseline -0.001 -12"><span class='ocrx_word' id='word_1_184' title='bbox 314 1200 433 1233; x_wconf 82' lang='lat' dir='ltr'>ratur,</span> <span class='ocrx_word' id='word_1_185' title='bbox 471 1192 627 1229; x_wconf 89' lang='lat' dir='ltr'>omnino</span> <span class='ocrx_word' id='word_1_186' title='bbox 648 1198 769 1228; x_wconf 83' lang='lat' dir='ltr'>tamen</span> <span class='ocrx_word' id='word_1_187' title='bbox 794 1203 871 1228; x_wconf 85' lang='lat' dir='ltr'>non</span> <span class='ocrx_word' id='word_1_188' title='bbox 896 1191 1049 1240; x_wconf 90' lang='lat' dir='ltr'>impedit</span> <span class='ocrx_word' id='word_1_189' title='bbox 1068 1220 1077 1233; x_wconf 93' lang='lat'>,</span> <span class='ocrx_word' id='word_1_190' title='bbox 1111 1203 1197 1229; x_wconf 87' lang='lat' dir='ltr'>cum</span> <span class='ocrx_word' id='word_1_191' title='bbox 1223 1192 1411 1229; x_wconf 80' lang='lat' dir='ltr'>dimidiam</span> <span class='ocrx_word' id='word_1_192' title='bbox 1437 1193 1479 1230; x_wconf 86' lang='lat' dir='ltr'>ad</span> <span class='ocrx_word' id='word_1_193' title='bbox 1506 1192 1710 1234; x_wconf 87' lang='lat' dir='ltr'>summum,</span> <span class='ocrx_word' id='word_1_194' title='bbox 1744 1191 1825 1228; x_wconf 79' lang='lat' dir='ltr'>alias</span> <span class='ocrx_word' id='word_1_195' title='bbox 1843 1197 1916 1228; x_wconf 90' lang='lat' dir='ltr'>ter-</span> 
     </span>
     <span class='ocr_line' id='line_1_19' title="bbox 315 1249 1914 1300; baseline 0 -13"><span class='ocrx_word' id='word_1_196' title='bbox 315 1252 402 1288; x_wconf 82' lang='lat' dir='ltr'>tiam</span> <span class='ocrx_word' id='word_1_197' title='bbox 420 1278 429 1292; x_wconf 89' lang='lat'>‚</span> <span class='ocrx_word' id='word_1_198' title='bbox 461 1256 522 1287; x_wconf 88' lang='lat' dir='ltr'>aut</span> <span class='ocrx_word' id='word_1_199' title='bbox 548 1252 730 1288; x_wconf 73' lang='lat' dir='ltr'>minorem</span> <span class='ocrx_word' id='word_1_200' title='bbox 757 1249 914 1300; x_wconf 85' lang='lat' dir='ltr'>denique</span> <span class='ocrx_word' id='word_1_201' title='bbox 941 1263 1040 1289; x_wconf 81' lang='lat' dir='ltr'>venae</span> <span class='ocrx_word' id='word_1_202' title='bbox 1067 1251 1296 1289; x_wconf 75' lang='lat' dir='ltr'>latitudinem</span> <span class='ocrx_word' id='word_1_203' title='bbox 1319 1260 1440 1288; x_wconf 82' lang='lat' dir='ltr'>teneat</span> <span class='ocrx_word' id='word_1_204' title='bbox 1459 1250 1504 1298; x_wconf 92' lang='lat' dir='ltr'>(l</span> <span class='ocrx_word' id='word_1_205' title='bbox 1519 1253 1560 1299; x_wconf 85' lang='lat'>);</span> <span class='ocrx_word' id='word_1_206' title='bbox 1594 1261 1613 1287; x_wconf 88' lang='lat' dir='ltr'>a</span> <span class='ocrx_word' id='word_1_207' title='bbox 1633 1250 1806 1299; x_wconf 86' lang='lat' dir='ltr'>superiori</span> <span class='ocrx_word' id='word_1_208' title='bbox 1825 1261 1914 1288; x_wconf 89' lang='lat' dir='ltr'>vero</span> 
     </span>
     <span class='ocr_line' id='line_1_20' title="bbox 314 1309 1915 1359; baseline -0.001 -12"><span class='ocrx_word' id='word_1_209' title='bbox 314 1321 405 1347; x_wconf 74' lang='lat' dir='ltr'>vena</span> <span class='ocrx_word' id='word_1_210' title='bbox 431 1321 514 1346; x_wconf 85' lang='lat' dir='ltr'>cava</span> <span class='ocrx_word' id='word_1_211' title='bbox 534 1309 624 1346; x_wconf 88' lang='lat' dir='ltr'>nihil</span> <span class='ocrx_word' id='word_1_212' title='bbox 651 1310 786 1347; x_wconf 81' lang='lat' dir='ltr'>avertit.</span> <span class='ocrx_word' id='word_1_213' title='bbox 826 1309 1002 1352; x_wconf 81' lang='lat' dir='ltr'>Omitto,</span> <span class='ocrx_word' id='word_1_214' title='bbox 1046 1310 1147 1359; x_wconf 90' lang='lat' dir='ltr'>quod</span> <span class='ocrx_word' id='word_1_215' title='bbox 1171 1312 1277 1348; x_wconf 89' lang='lat' dir='ltr'>etiam</span> <span class='ocrx_word' id='word_1_216' title='bbox 1296 1317 1464 1359; x_wconf 86' lang='lat' dir='ltr'>tempore</span> <span class='ocrx_word' id='word_1_217' title='bbox 1486 1310 1665 1347; x_wconf 66' lang='lat' dir='ltr'>contracti</span> <span class='ocrx_word' id='word_1_218' title='bbox 1690 1309 1810 1348; x_wconf 85' lang='lat' dir='ltr'>cordis</span> <span class='ocrx_word' id='word_1_219' title='bbox 1837 1309 1915 1346; x_wconf 66' lang='lat' dir='ltr'>san-2</span> 
     </span>
     <span class='ocr_line' id='line_1_21' title="bbox 305 1367 1915 1419; baseline 0.001 -14"><span class='ocrx_word' id='word_1_220' title='bbox 305 1370 465 1417; x_wconf 81' lang='lat' dir='ltr'>guinem</span> <span class='ocrx_word' id='word_1_221' title='bbox 481 1367 657 1406; x_wconf 82' lang='lat' dir='ltr'>venosum</span> <span class='ocrx_word' id='word_1_222' title='bbox 678 1370 824 1406; x_wconf 89' lang='lat' dir='ltr'>retineri</span> <span class='ocrx_word' id='word_1_223' title='bbox 839 1368 975 1408; x_wconf 75' lang='lat' dir='ltr'>necesse</span> <span class='ocrx_word' id='word_1_224' title='bbox 992 1368 1053 1411; x_wconf 85' lang='lat' dir='ltr'>fit,</span> <span class='ocrx_word' id='word_1_225' title='bbox 1095 1382 1203 1419; x_wconf 85' lang='lat' dir='ltr'>quem</span> <span class='ocrx_word' id='word_1_226' title='bbox 1221 1382 1266 1408; x_wconf 90' lang='lat' dir='ltr'>eo</span> <span class='ocrx_word' id='word_1_227' title='bbox 1287 1376 1452 1418; x_wconf 87' lang='lat' dir='ltr'>tempore</span> <span class='ocrx_word' id='word_1_228' title='bbox 1473 1371 1511 1406; x_wconf 89' lang='lat' dir='ltr'>in</span> <span class='ocrx_word' id='word_1_229' title='bbox 1536 1381 1625 1406; x_wconf 91' lang='lat' dir='ltr'>vena</span> <span class='ocrx_word' id='word_1_230' title='bbox 1647 1380 1731 1407; x_wconf 87' lang='lat' dir='ltr'>cava</span> <span class='ocrx_word' id='word_1_231' title='bbox 1753 1368 1915 1406; x_wconf 82' lang='lat' dir='ltr'>inferiori</span> 
     </span>
     <span class='ocr_line' id='line_1_22' title="bbox 313 1425 1910 1479; baseline 0.001 -15"><span class='ocrx_word' id='word_1_232' title='bbox 313 1429 460 1465; x_wconf 89' lang='lat' dir='ltr'>retineri</span> <span class='ocrx_word' id='word_1_233' title='bbox 478 1427 532 1466; x_wconf 90' lang='lat' dir='ltr'>Cl.</span> <span class='ocrx_word' id='word_1_234' title='bbox 561 1429 627 1465; x_wconf 87' lang='lat' dir='ltr'>viri</span> <span class='ocrx_word' id='word_1_235' title='bbox 650 1427 861 1477; x_wconf 84' lang='lat' dir='ltr'>scripserunt</span> <span class='ocrx_word' id='word_1_236' title='bbox 887 1429 1007 1477; x_wconf 89' lang='lat' dir='ltr'>(m).</span> <span class='ocrx_word' id='word_1_237' title='bbox 1043 1428 1188 1478; x_wconf 87' lang='lat' dir='ltr'>Nempe</span> <span class='ocrx_word' id='word_1_238' title='bbox 1207 1429 1245 1466; x_wconf 85' lang='lat' dir='ltr'>id</span> <span class='ocrx_word' id='word_1_239' title='bbox 1265 1427 1536 1479; x_wconf 82' lang='lat' dir='ltr'>tempusculum</span> <span class='ocrx_word' id='word_1_240' title='bbox 1568 1425 1672 1467; x_wconf 79' lang='lat' dir='ltr'>valde</span> <span class='ocrx_word' id='word_1_241' title='bbox 1695 1429 1805 1467; x_wconf 87' lang='lat' dir='ltr'>breve</span> <span class='ocrx_word' id='word_1_242' title='bbox 1839 1427 1910 1470; x_wconf 86' lang='lat' dir='ltr'>est,</span> 
     </span>
     <span class='ocr_line' id='line_1_23' title="bbox 313 1486 1207 1537; baseline 0.002 -13"><span class='ocrx_word' id='word_1_243' title='bbox 313 1499 433 1536; x_wconf 86' lang='lat' dir='ltr'>neque</span> <span class='ocrx_word' id='word_1_244' title='bbox 450 1488 525 1535; x_wconf 83' lang='lat' dir='ltr'>ejus</span> <span class='ocrx_word' id='word_1_245' title='bbox 540 1499 660 1525; x_wconf 74' lang='lat' dir='ltr'>-morae</span> <span class='ocrx_word' id='word_1_246' title='bbox 679 1488 832 1535; x_wconf 83' lang='lat' dir='ltr'>majores</span> <span class='ocrx_word' id='word_1_247' title='bbox 849 1499 955 1526; x_wconf 84' lang='lat' dir='ltr'>noxae</span> <span class='ocrx_word' id='word_1_248' title='bbox 971 1486 1038 1525; x_wconf 86' lang='lat' dir='ltr'>effe</span> <span class='ocrx_word' id='word_1_249' title='bbox 1054 1487 1207 1537; x_wconf 69' lang='lat' dir='ltr'>poffunt„</span> 
     </span>
    </p>

    <p class='ocr_par' dir='ltr' id='par_1_4' title="bbox 314 1546 1916 1891">
     <span class='ocr_line' id='line_1_24' title="bbox 373 1546 1915 1597; baseline 0.001 -14"><span class='ocrx_word' id='word_1_250' title='bbox 373 1546 513 1584; x_wconf 89' lang='lat' dir='ltr'>Verum</span> <span class='ocrx_word' id='word_1_251' title='bbox 533 1547 684 1585; x_wconf 86' lang='lat' dir='ltr'>alterum</span> <span class='ocrx_word' id='word_1_252' title='bbox 697 1576 706 1590; x_wconf 87' lang='lat'>,</span> <span class='ocrx_word' id='word_1_253' title='bbox 730 1549 973 1597; x_wconf 67' lang='lat' dir='ltr'>praecipuum,</span> <span class='ocrx_word' id='word_1_254' title='bbox 1007 1548 1051 1585; x_wconf 85' lang='lat' dir='ltr'>ab</span> <span class='ocrx_word' id='word_1_255' title='bbox 1070 1547 1227 1586; x_wconf 83' lang='lat' dir='ltr'>auricula</span> <span class='ocrx_word' id='word_1_256' title='bbox 1242 1546 1366 1586; x_wconf 67' lang='lat' dir='ltr'>dextra</span> <span class='ocrx_word' id='word_1_257' title='bbox 1385 1550 1451 1585; x_wconf 85' lang='lat' dir='ltr'>iter</span> <span class='ocrx_word' id='word_1_258' title='bbox 1466 1576 1475 1590; x_wconf 92' lang='lat'>,</span> <span class='ocrx_word' id='word_1_259' title='bbox 1502 1549 1634 1597; x_wconf 77' lang='lat' dir='ltr'>’utique</span> <span class='ocrx_word' id='word_1_260' title='bbox 1647 1547 1746 1586; x_wconf 88' lang='lat' dir='ltr'>ducit</span> <span class='ocrx_word' id='word_1_261' title='bbox 1769 1548 1807 1585; x_wconf 91' lang='lat' dir='ltr'>in</span> <span class='ocrx_word' id='word_1_262' title='bbox 1827 1558 1915 1585; x_wconf 87' lang='lat' dir='ltr'>ven-</span> 
     </span>
     <span class='ocr_line' id='line_1_25' title="bbox 314 1605 1916 1657; baseline 0.002 -15"><span class='ocrx_word' id='word_1_263' title='bbox 314 1605 485 1644; x_wconf 74' lang='lat' dir='ltr'>triculum</span> <span class='ocrx_word' id='word_1_264' title='bbox 510 1607 585 1653; x_wconf 81' lang='lat' dir='ltr'>ejus</span> <span class='ocrx_word' id='word_1_265' title='bbox 610 1607 735 1644; x_wconf 85' lang='lat' dir='ltr'>lateris.</span> <span class='ocrx_word' id='word_1_266' title='bbox 773 1606 989 1645; x_wconf 82' lang='lat' dir='ltr'>Valvulosus</span> <span class='ocrx_word' id='word_1_267' title='bbox 1011 1609 1108 1645; x_wconf 86' lang='lat' dir='ltr'>enim</span> <span class='ocrx_word' id='word_1_268' title='bbox 1135 1608 1261 1646; x_wconf 88' lang='lat' dir='ltr'>anulus</span> <span class='ocrx_word' id='word_1_269' title='bbox 1286 1608 1377 1656; x_wconf 86' lang='lat' dir='ltr'>(n)</span> <span class='ocrx_word' id='word_1_270' title='bbox 1402 1608 1465 1657; x_wconf 85' lang='lat' dir='ltr'>qui</span> <span class='ocrx_word' id='word_1_271' title='bbox 1491 1609 1529 1644; x_wconf 90' lang='lat' dir='ltr'>in</span> <span class='ocrx_word' id='word_1_272' title='bbox 1553 1607 1646 1645; x_wconf 87' lang='lat' dir='ltr'>ostio</span> <span class='ocrx_word' id='word_1_273' title='bbox 1667 1607 1712 1645; x_wconf 83' lang='lat' dir='ltr'>ad</span> <span class='ocrx_word' id='word_1_274' title='bbox 1735 1607 1916 1645; x_wconf 83' lang='lat' dir='ltr'>ventricu-</span> 
     </span>
     <span class='ocr_line' id='line_1_26' title="bbox 314 1665 1916 1716; baseline 0.002 -16"><span class='ocrx_word' id='word_1_275' title='bbox 314 1665 390 1701; x_wconf 88' lang='lat' dir='ltr'>lum</span> <span class='ocrx_word' id='word_1_276' title='bbox 403 1665 557 1703; x_wconf 87' lang='lat' dir='ltr'>ducente</span> <span class='ocrx_word' id='word_1_277' title='bbox 568 1668 763 1715; x_wconf 88' lang='lat' dir='ltr'>reperitur‚</span> <span class='ocrx_word' id='word_1_278' title='bbox 790 1674 888 1716; x_wconf 88' lang='lat' dir='ltr'>patet</span> <span class='ocrx_word' id='word_1_279' title='bbox 899 1667 1059 1709; x_wconf 86' lang='lat' dir='ltr'>medius,</span> <span class='ocrx_word' id='word_1_280' title='bbox 1085 1667 1234 1705; x_wconf 84' lang='lat' dir='ltr'>&amp;facile</span> <span class='ocrx_word' id='word_1_281' title='bbox 1247 1667 1341 1706; x_wconf 89' lang='lat' dir='ltr'>cedit</span> <span class='ocrx_word' id='word_1_282' title='bbox 1352 1667 1515 1716; x_wconf 78' lang='lat' dir='ltr'>sanguini</span> <span class='ocrx_word' id='word_1_283' title='bbox 1528 1666 1713 1709; x_wconf 63' lang='lat' dir='ltr'>auriculae,</span> <span class='ocrx_word' id='word_1_284' title='bbox 1732 1668 1916 1716; x_wconf 84' lang='lat' dir='ltr'>perinane</span> 
     </span>
     <span class='ocr_line' id='line_1_27' title="bbox 314 1722 1916 1776; baseline 0.004 -18"><span class='ocrx_word' id='word_1_285' title='bbox 314 1722 438 1761; x_wconf 87' lang='lat' dir='ltr'>lumen</span> <span class='ocrx_word' id='word_1_286' title='bbox 454 1727 564 1767; x_wconf 84' lang='lat' dir='ltr'>eunti,</span> <span class='ocrx_word' id='word_1_287' title='bbox 590 1727 625 1762; x_wconf 67' lang='grc' dir='ltr'>ἃ</span> <span class='ocrx_word' id='word_1_288' title='bbox 648 1727 761 1773; x_wconf 87' lang='lat' dir='ltr'>magis</span> <span class='ocrx_word' id='word_1_289' title='bbox 773 1725 927 1775; x_wconf 87' lang='lat' dir='ltr'>patescit,</span> <span class='ocrx_word' id='word_1_290' title='bbox 949 1726 1136 1775; x_wconf 79' lang='lat' dir='ltr'>quandois</span> <span class='ocrx_word' id='word_1_291' title='bbox 1149 1726 1220 1776; x_wconf 89' lang='lat' dir='ltr'>ipse</span> <span class='ocrx_word' id='word_1_292' title='bbox 1240 1739 1355 1765; x_wconf 90' lang='lat' dir='ltr'>conus</span> <span class='ocrx_word' id='word_1_293' title='bbox 1367 1726 1594 1775; x_wconf 84' lang='lat' dir='ltr'>sanguineus,</span> <span class='ocrx_word' id='word_1_294' title='bbox 1613 1726 1656 1763; x_wconf 91' lang='lat' dir='ltr'>ab</span> <span class='ocrx_word' id='word_1_295' title='bbox 1668 1727 1725 1763; x_wconf 75' lang='lat' dir='ltr'>axi</span> <span class='ocrx_word' id='word_1_296' title='bbox 1738 1728 1875 1768; x_wconf 76' lang='lat' dir='ltr'>nitens,</span> <span class='ocrx_word' id='word_1_297' title='bbox 1893 1737 1916 1764; x_wconf 77' lang='lat' dir='ltr'>a</span> 
     </span>
     <span class='ocr_line' id='line_1_28' title="bbox 314 1782 1913 1834; baseline 0.002 -17"><span class='ocrx_word' id='word_1_298' title='bbox 314 1782 439 1818; x_wconf 88' lang='lat' dir='ltr'>medio</span> <span class='ocrx_word' id='word_1_299' title='bbox 460 1783 557 1819; x_wconf 85' lang='lat' dir='ltr'>anuli</span> <span class='ocrx_word' id='word_1_300' title='bbox 573 1784 665 1820; x_wconf 88' lang='lat' dir='ltr'>ostio</span> <span class='ocrx_word' id='word_1_301' title='bbox 683 1785 884 1822; x_wconf 83' lang='lat' dir='ltr'>extrorsum</span> <span class='ocrx_word' id='word_1_302' title='bbox 900 1813 908 1826; x_wconf 87' lang='lat'>,</span> <span class='ocrx_word' id='word_1_303' title='bbox 936 1784 1054 1822; x_wconf 85' lang='lat' dir='ltr'>versus</span> <span class='ocrx_word' id='word_1_304' title='bbox 1081 1786 1200 1823; x_wconf 89' lang='lat' dir='ltr'>cordis</span> <span class='ocrx_word' id='word_1_305' title='bbox 1216 1788 1366 1834; x_wconf 86' lang='lat' dir='ltr'>parietes</span> <span class='ocrx_word' id='word_1_306' title='bbox 1379 1815 1387 1828; x_wconf 93' lang='lat'>,</span> <span class='ocrx_word' id='word_1_307' title='bbox 1418 1785 1595 1822; x_wconf 88' lang='lat' dir='ltr'>mobilem</span> <span class='ocrx_word' id='word_1_308' title='bbox 1616 1785 1765 1822; x_wconf 89' lang='lat' dir='ltr'>anulum</span> <span class='ocrx_word' id='word_1_309' title='bbox 1785 1783 1913 1832; x_wconf 84' lang='lat' dir='ltr'>impel-</span> 
     </span>
     <span class='ocr_line' id='line_1_29' title="bbox 316 1839 1913 1891; baseline 0.002 -14"><span class='ocrx_word' id='word_1_310' title='bbox 316 1839 377 1883; x_wconf 87' lang='lat' dir='ltr'>lit,</span> <span class='ocrx_word' id='word_1_311' title='bbox 414 1843 552 1890; x_wconf 89' lang='lat' dir='ltr'>iterque</span> <span class='ocrx_word' id='word_1_312' title='bbox 569 1841 633 1879; x_wconf 87' lang='lat' dir='ltr'>fibi</span> <span class='ocrx_word' id='word_1_313' title='bbox 655 1840 718 1891; x_wconf 73' lang='lat' dir='ltr'>ipsi</span> <span class='ocrx_word' id='word_1_314' title='bbox 741 1850 849 1891; x_wconf 84' lang='lat' dir='ltr'>parat.</span> <span class='ocrx_word' id='word_1_315' title='bbox 886 1842 1011 1881; x_wconf 88' lang='lat' dir='ltr'>Omne</span> <span class='ocrx_word' id='word_1_316' title='bbox 1038 1845 1136 1879; x_wconf 90' lang='lat' dir='ltr'>enim</span> <span class='ocrx_word' id='word_1_317' title='bbox 1163 1843 1341 1881; x_wconf 85' lang='lat' dir='ltr'>fluentum</span> <span class='ocrx_word' id='word_1_318' title='bbox 1364 1846 1405 1880; x_wconf 59' lang='lat' dir='ltr'>⁴in</span> <span class='ocrx_word' id='word_1_319' title='bbox 1428 1843 1588 1879; x_wconf 82' lang='lat' dir='ltr'>flexilem</span> <span class='ocrx_word' id='word_1_320' title='bbox 1606 1843 1765 1880; x_wconf 80' lang='lat' dir='ltr'>canalem</span> <span class='ocrx_word' id='word_1_321' title='bbox 1788 1854 1913 1891; x_wconf 90' lang='lat' dir='ltr'>recep-</span> 
     </span>
    </p>
   </div>
   <div class='ocr_carea' id='block_1_3' title="bbox 1834 1909 1913 1940">
    <p class='ocr_par' dir='ltr' id='par_1_5' title="bbox 1834 1909 1913 1940">
     <span class='ocr_line' id='line_1_30' title="bbox 1834 1909 1913 1940; baseline -0.013 0"><span class='ocrx_word' id='word_1_322' title='bbox 1834 1909 1913 1940; x_wconf 87' lang='lat' dir='ltr'>tum</span> 
     </span>
    </p>
   </div>
   <div class='ocr_carea' id='block_1_4' title="bbox 313 1954 1914 2480">
    <p class='ocr_par' dir='ltr' id='par_1_6' title="bbox 313 1954 1914 2075">
     <span class='ocr_line' id='line_1_31' title="bbox 313 1954 1914 1994; baseline 0.001 -10"><span class='ocrx_word' id='word_1_323' title='bbox 313 1955 360 1985; x_wconf 58' lang='grc' dir='ltr'>λε.</span> <span class='ocrx_word' id='word_1_324' title='bbox 384 1954 427 1984; x_wconf 87' lang='lat' dir='ltr'>ed.</span> <span class='ocrx_word' id='word_1_325' title='bbox 454 1964 519 1985; x_wconf 87' lang='lat' dir='ltr'>nov.</span> <span class='ocrx_word' id='word_1_326' title='bbox 539 1965 566 1994; x_wconf 89' lang='lat' dir='ltr'>p.</span> <span class='ocrx_word' id='word_1_327' title='bbox 583 1965 646 1992; x_wconf 75' lang='lat'>³11·</span> <span class='ocrx_word' id='word_1_328' title='bbox 674 1956 701 1986; x_wconf 86' lang='lat'>&amp;</span> <span class='ocrx_word' id='word_1_329' title='bbox 719 1955 808 1986; x_wconf 82' lang='lat' dir='ltr'>fimile</span> <span class='ocrx_word' id='word_1_330' title='bbox 828 1955 994 1994; x_wconf 75' lang='lat' dir='ltr'>exemplum</span> <span class='ocrx_word' id='word_1_331' title='bbox 1015 1955 1038 1987; x_wconf 78' lang='lat' dir='ltr'>F</span> <span class='ocrx_word' id='word_1_332' title='bbox 1050 1967 1068 1988; x_wconf 72' lang='lat' dir='ltr'><strong>A</strong></span> <span class='ocrx_word' id='word_1_333' title='bbox 1080 1967 1132 1987; x_wconf 75' lang='lat' dir='ltr'>NT</span> <span class='ocrx_word' id='word_1_334' title='bbox 1144 1966 1223 1987; x_wconf 74' lang='lat' dir='ltr'>ouu</span> <span class='ocrx_word' id='word_1_335' title='bbox 1235 1967 1247 1986; x_wconf 84' lang='lat' dir='ltr'>s</span> <span class='ocrx_word' id='word_1_336' title='bbox 1262 1956 1349 1987; x_wconf 81' lang='lat' dir='ltr'>habet</span> <span class='ocrx_word' id='word_1_337' title='bbox 1367 1957 1395 1986; x_wconf 90' lang='lat' dir='ltr'>in</span> <span class='ocrx_word' id='word_1_338' title='bbox 1412 1955 1469 1987; x_wconf 76' lang='lat' dir='ltr'>obs.</span> <span class='ocrx_word' id='word_1_339' title='bbox 1497 1965 1542 1986; x_wconf 79' lang='lat'>22.</span> <span class='ocrx_word' id='word_1_340' title='bbox 1561 1955 1696 1994; x_wconf 76' lang='lat' dir='ltr'>Antiquae</span> <span class='ocrx_word' id='word_1_341' title='bbox 1711 1957 1736 1986; x_wconf 67' lang='grc' dir='ltr'>ἃ</span> <span class='ocrx_word' id='word_1_342' title='bbox 1753 1956 1829 1988; x_wconf 81' lang='lat' dir='ltr'>durae</span> <span class='ocrx_word' id='word_1_343' title='bbox 1845 1968 1914 1988; x_wconf 79' lang='lat' dir='ltr'>con.</span> 
     </span>
     <span class='ocr_line' id='line_1_32' title="bbox 315 1996 1912 2035; baseline 0.003 -11"><span class='ocrx_word' id='word_1_344' title='bbox 315 1996 456 2025; x_wconf 82' lang='lat' dir='ltr'>cretiones</span> <span class='ocrx_word' id='word_1_345' title='bbox 482 1997 510 2026; x_wconf 89' lang='lat' dir='ltr'>in</span> <span class='ocrx_word' id='word_1_346' title='bbox 537 1997 639 2027; x_wconf 84' lang='lat' dir='ltr'>dextro</span> <span class='ocrx_word' id='word_1_347' title='bbox 671 1997 851 2033; x_wconf 63' lang='lat' dir='ltr'>veneticum,</span> <span class='ocrx_word' id='word_1_348' title='bbox 883 1997 949 2027; x_wconf 79' lang='lat' dir='ltr'>hinc</span> <span class='ocrx_word' id='word_1_349' title='bbox 972 2007 1045 2028; x_wconf 79' lang='lat' dir='ltr'>vena</span> <span class='ocrx_word' id='word_1_350' title='bbox 1069 2008 1159 2035; x_wconf 85' lang='lat' dir='ltr'>cava,</span> <span class='ocrx_word' id='word_1_351' title='bbox 1197 2000 1223 2028; x_wconf 74' lang='grc' dir='ltr'>δι</span> <span class='ocrx_word' id='word_1_352' title='bbox 1250 1998 1350 2028; x_wconf 85' lang='lat' dir='ltr'>dextra</span> <span class='ocrx_word' id='word_1_353' title='bbox 1371 1997 1519 2034; x_wconf 80' lang='lat' dir='ltr'>auricula,</span> <span class='ocrx_word' id='word_1_354' title='bbox 1555 1998 1582 2028; x_wconf 77' lang='grc' dir='ltr'>ἀ</span> <span class='ocrx_word' id='word_1_355' title='bbox 1613 2007 1662 2028; x_wconf 83' lang='lat' dir='ltr'>cor</span> <span class='ocrx_word' id='word_1_356' title='bbox 1691 1998 1826 2028; x_wconf 78' lang='lat' dir='ltr'>dextrum</span> <span class='ocrx_word' id='word_1_357' title='bbox 1848 2008 1912 2029; x_wconf 78' lang='lat' dir='ltr'>am-</span> 
     </span>
     <span class='ocr_line' id='line_1_33' title="bbox 316 2036 906 2075; baseline 0.005 -10"><span class='ocrx_word' id='word_1_358' title='bbox 316 2036 467 2074; x_wconf 77' lang='lat' dir='ltr'>pliffimum</span> <span class='ocrx_word' id='word_1_359' title='bbox 491 2037 631 2067; x_wconf 63' lang='lat' dir='ltr'>Same</span> <span class='ocrx_word' id='word_1_360' title='bbox 660 2037 694 2068; x_wconf 90' lang='lat' dir='ltr'>T.</span> <span class='ocrx_word' id='word_1_361' title='bbox 723 2038 755 2068; x_wconf 88' lang='grc' dir='ltr'>ΙΙ.</span> <span class='ocrx_word' id='word_1_362' title='bbox 782 2048 807 2074; x_wconf 80' lang='lat' dir='ltr'>p.</span> <span class='ocrx_word' id='word_1_363' title='bbox 837 2046 906 2075; x_wconf 74' lang='lat'>417.</span> 
     </span>
    </p>

    <p class='ocr_par' dir='ltr' id='par_1_7' title="bbox 316 2075 1908 2156">
     <span class='ocr_line' id='line_1_34' title="bbox 357 2075 1908 2118; baseline 0.003 -12"><span class='ocrx_word' id='word_1_364' title='bbox 357 2077 370 2112; x_wconf 82' lang='lat'>&lt;</span> <span class='ocrx_word' id='word_1_365' title='bbox 386 2075 434 2121; x_wconf 27' lang='lat' dir='ltr'>f.)</span> <span class='ocrx_word' id='word_1_366' title='bbox 458 2077 491 2106; x_wconf 90' lang='lat' dir='ltr'>ln</span> <span class='ocrx_word' id='word_1_367' title='bbox 512 2088 580 2108; x_wconf 83' lang='lat' dir='ltr'>aure</span> <span class='ocrx_word' id='word_1_368' title='bbox 602 2078 704 2108; x_wconf 80' lang='lat' dir='ltr'>dextra</span> <span class='ocrx_word' id='word_1_369' title='bbox 729 2078 866 2116; x_wconf 84' lang='lat' dir='ltr'>particula</span> <span class='ocrx_word' id='word_1_370' title='bbox 881 2077 952 2108; x_wconf 84' lang='lat' dir='ltr'>offea</span> <span class='ocrx_word' id='word_1_371' title='bbox 967 2101 977 2114; x_wconf 80' lang='lat'>,</span> <span class='ocrx_word' id='word_1_372' title='bbox 1008 2079 1076 2109; x_wconf 87' lang='lat' dir='ltr'>hinc</span> <span class='ocrx_word' id='word_1_373' title='bbox 1093 2079 1163 2109; x_wconf 87' lang='lat' dir='ltr'>mira</span> <span class='ocrx_word' id='word_1_374' title='bbox 1183 2078 1331 2117; x_wconf 83' lang='lat' dir='ltr'>dilatatio,</span> <span class='ocrx_word' id='word_1_375' title='bbox 1371 2081 1397 2110; x_wconf 68' lang='grc' dir='ltr'><strong>ἃ</strong></span> <span class='ocrx_word' id='word_1_376' title='bbox 1415 2078 1564 2118; x_wconf 79' lang='lat' dir='ltr'>palpitatio</span> <span class='ocrx_word' id='word_1_377' title='bbox 1582 2080 1721 2111; x_wconf 81' lang='lat' dir='ltr'>Memoir.</span> <span class='ocrx_word' id='word_1_378' title='bbox 1753 2080 1786 2109; x_wconf 78' lang='lat' dir='ltr'>de</span> <span class='ocrx_word' id='word_1_379' title='bbox 1797 2078 1908 2111; x_wconf 65' lang='lat' dir='ltr'>Mena.</span> 
     </span>
     <span class='ocr_line' id='line_1_35' title="bbox 316 2118 994 2156; baseline 0.006 -11"><span class='ocrx_word' id='word_1_380' title='bbox 316 2118 362 2146; x_wconf 68' lang='lat' dir='ltr'>def</span> <span class='ocrx_word' id='word_1_381' title='bbox 375 2118 474 2154; x_wconf 79' lang='lat' dir='ltr'>chenc.</span> <span class='ocrx_word' id='word_1_382' title='bbox 498 2125 589 2147; x_wconf 78' lang='lat' dir='ltr'>avant</span> <span class='ocrx_word' id='word_1_383' title='bbox 615 2119 699 2155; x_wconf 80' lang='lat'><strong>1699.</strong></span> <span class='ocrx_word' id='word_1_384' title='bbox 736 2119 771 2149; x_wconf 89' lang='lat' dir='ltr'>T.</span> <span class='ocrx_word' id='word_1_385' title='bbox 805 2119 838 2149; x_wconf 89' lang='lat' dir='ltr'>ll.</span> <span class='ocrx_word' id='word_1_386' title='bbox 869 2129 895 2156; x_wconf 85' lang='lat' dir='ltr'>p.</span> <span class='ocrx_word' id='word_1_387' title='bbox 926 2125 994 2156; x_wconf 85' lang='lat'>238.</span> 
     </span>
    </p>

    <p class='ocr_par' dir='ltr' id='par_1_8' title="bbox 314 2159 1908 2241">
     <span class='ocr_line' id='line_1_36' title="bbox 358 2159 1908 2199; baseline 0.003 -13"><span class='ocrx_word' id='word_1_388' title='bbox 358 2160 369 2191; x_wconf 53' lang='lat'>(„</span> <span class='ocrx_word' id='word_1_389' title='bbox 383 2167 401 2194; x_wconf 84' lang='lat' dir='ltr'><em>g</em></span> <span class='ocrx_word' id='word_1_390' title='bbox 419 2159 430 2193; x_wconf 92' lang='lat'><em>)</em></span> <span class='ocrx_word' id='word_1_391' title='bbox 455 2160 586 2189; x_wconf 70' lang='lat' dir='ltr'>[luricula</span> <span class='ocrx_word' id='word_1_392' title='bbox 609 2160 708 2189; x_wconf 84' lang='lat' dir='ltr'>dextra</span> <span class='ocrx_word' id='word_1_393' title='bbox 725 2160 810 2198; x_wconf 86' lang='lat' dir='ltr'>triplo</span> <span class='ocrx_word' id='word_1_394' title='bbox 839 2161 928 2195; x_wconf 79' lang='lat' dir='ltr'>major</span> <span class='ocrx_word' id='word_1_395' title='bbox 941 2177 950 2192; x_wconf 85' lang='lat'>‚</span> <span class='ocrx_word' id='word_1_396' title='bbox 973 2170 1038 2189; x_wconf 86' lang='lat' dir='ltr'>cum</span> <span class='ocrx_word' id='word_1_397' title='bbox 1054 2160 1152 2197; x_wconf 88' lang='lat' dir='ltr'>pulmo</span> <span class='ocrx_word' id='word_1_398' title='bbox 1175 2160 1339 2191; x_wconf 80' lang='lat' dir='ltr'>consumtus</span> <span class='ocrx_word' id='word_1_399' title='bbox 1353 2160 1420 2192; x_wconf 73' lang='lat' dir='ltr'>esset</span> <span class='ocrx_word' id='word_1_400' title='bbox 1441 2159 1475 2192; x_wconf 91' lang='lat' dir='ltr'>C.</span> <span class='ocrx_word' id='word_1_401' title='bbox 1497 2161 1515 2191; x_wconf 85' lang='lat' dir='ltr'><strong>S</strong></span> <span class='ocrx_word' id='word_1_402' title='bbox 1528 2171 1548 2190; x_wconf 80' lang='lat' dir='ltr'>T</span> <span class='ocrx_word' id='word_1_403' title='bbox 1562 2170 1576 2190; x_wconf 82' lang='grc' dir='ltr'>ιι</span> <span class='ocrx_word' id='word_1_404' title='bbox 1588 2171 1604 2191; x_wconf 80' lang='lat'>1²</span> <span class='ocrx_word' id='word_1_405' title='bbox 1620 2171 1641 2190; x_wconf 74' lang='grc' dir='ltr'><strong>Η</strong></span> <span class='ocrx_word' id='word_1_406' title='bbox 1655 2171 1676 2191; x_wconf 76' lang='lat' dir='ltr'>A</span> <span class='ocrx_word' id='word_1_407' title='bbox 1689 2171 1710 2190; x_wconf 79' lang='lat' dir='ltr'>N</span> <span class='ocrx_word' id='word_1_408' title='bbox 1723 2170 1768 2190; x_wconf 85' lang='lat' dir='ltr'>us</span> <span class='ocrx_word' id='word_1_409' title='bbox 1791 2171 1818 2199; x_wconf 87' lang='lat' dir='ltr'>p.</span> <span class='ocrx_word' id='word_1_410' title='bbox 1841 2163 1908 2191; x_wconf 79' lang='lat'>216.</span> 
     </span>
     <span class='ocr_line' id='line_1_37' title="bbox 314 2195 1790 2241; baseline 0.004 -15"><span class='ocrx_word' id='word_1_411' title='bbox 314 2195 348 2227; x_wconf 66' lang='lat' dir='ltr'>En</span> <span class='ocrx_word' id='word_1_412' title='bbox 376 2197 476 2227; x_wconf 76' lang='lat' dir='ltr'>scirrho</span> <span class='ocrx_word' id='word_1_413' title='bbox 493 2200 637 2236; x_wconf 88' lang='lat' dir='ltr'>pulmonis</span> <span class='ocrx_word' id='word_1_414' title='bbox 659 2200 758 2230; x_wconf 78' lang='lat' dir='ltr'>dextra</span> <span class='ocrx_word' id='word_1_415' title='bbox 784 2201 908 2231; x_wconf 78' lang='lat' dir='ltr'>auricula</span> <span class='ocrx_word' id='word_1_416' title='bbox 931 2200 1100 2238; x_wconf 72' lang='lat' dir='ltr'>amplissima</span> <span class='ocrx_word' id='word_1_417' title='bbox 1125 2201 1175 2231; x_wconf 86' lang='lat' dir='ltr'>Lo</span> <span class='ocrx_word' id='word_1_418' title='bbox 1189 2212 1202 2231; x_wconf 75' lang='grc' dir='ltr'><strong>Β</strong></span> <span class='ocrx_word' id='word_1_419' title='bbox 1217 2211 1259 2231; x_wconf 64' lang='lat' dir='ltr'>se</span> <span class='ocrx_word' id='word_1_420' title='bbox 1274 2212 1323 2232; x_wconf 70' lang='grc' dir='ltr'>κε</span> <span class='ocrx_word' id='word_1_421' title='bbox 1350 2200 1452 2241; x_wconf 81' lang='lat' dir='ltr'>observ.</span> <span class='ocrx_word' id='word_1_422' title='bbox 1483 2208 1563 2234; x_wconf 78' lang='lat' dir='ltr'>anat.</span> <span class='ocrx_word' id='word_1_423' title='bbox 1591 2202 1662 2233; x_wconf 80' lang='lat' dir='ltr'>chir.</span> <span class='ocrx_word' id='word_1_424' title='bbox 1684 2211 1717 2240; x_wconf 18' lang='lat' dir='ltr'>Vp.</span> <span class='ocrx_word' id='word_1_425' title='bbox 1746 2212 1790 2241; x_wconf 57' lang='grc' dir='ltr'>ῖς.</span> 
     </span>
    </p>

    <p class='ocr_par' dir='ltr' id='par_1_9' title="bbox 358 2239 1365 2280">
     <span class='ocr_line' id='line_1_38' title="bbox 358 2239 1365 2280; baseline 0.007 -14"><span class='ocrx_word' id='word_1_426' title='bbox 358 2239 434 2274; x_wconf 76' lang='lat' dir='ltr'>(h)</span> <span class='ocrx_word' id='word_1_427' title='bbox 460 2239 486 2267; x_wconf 83' lang='grc' dir='ltr'><strong>Μ</strong></span> <span class='ocrx_word' id='word_1_428' title='bbox 501 2248 544 2268; x_wconf 68' lang='lat' dir='ltr'>ox</span> <span class='ocrx_word' id='word_1_429' title='bbox 561 2250 580 2269; x_wconf 69' lang='lat' dir='ltr'><strong>A</strong></span> <span class='ocrx_word' id='word_1_430' title='bbox 597 2250 617 2269; x_wconf 82' lang='lat' dir='ltr'>N</span> <span class='ocrx_word' id='word_1_431' title='bbox 632 2250 649 2269; x_wconf 82' lang='lat' dir='ltr'>n</span> <span class='ocrx_word' id='word_1_432' title='bbox 679 2242 817 2273; x_wconf 80' lang='lat' dir='ltr'>Memoir.</span> <span class='ocrx_word' id='word_1_433' title='bbox 832 2243 864 2270; x_wconf 75' lang='lat' dir='ltr'>cle</span> <span class='ocrx_word' id='word_1_434' title='bbox 884 2242 996 2272; x_wconf 74' lang='lat' dir='ltr'>l&#39;Acad.</span> <span class='ocrx_word' id='word_1_435' title='bbox 1025 2251 1114 2278; x_wconf 83' lang='lat'>1732.</span> <span class='ocrx_word' id='word_1_436' title='bbox 1142 2251 1171 2280; x_wconf 86' lang='lat' dir='ltr'>p.</span> <span class='ocrx_word' id='word_1_437' title='bbox 1200 2251 1269 2279; x_wconf 81' lang='lat'><em>432.</em></span> <span class='ocrx_word' id='word_1_438' title='bbox 1296 2252 1365 2279; x_wconf 80' lang='lat'>433.</span> 
     </span>
    </p>

    <p class='ocr_par' dir='ltr' id='par_1_10' title="bbox 357 2280 1445 2322">
     <span class='ocr_line' id='line_1_39' title="bbox 357 2280 1445 2322; baseline 0.003 -13"><span class='ocrx_word' id='word_1_439' title='bbox 357 2283 368 2313; x_wconf 62' lang='lat' dir='ltr'>&#39;k</span> <span class='ocrx_word' id='word_1_440' title='bbox 391 2280 401 2306; x_wconf 90' lang='lat' dir='ltr'>i</span> <span class='ocrx_word' id='word_1_441' title='bbox 424 2281 435 2313; x_wconf 82' lang='lat'><em>)</em></span> <span class='ocrx_word' id='word_1_442' title='bbox 459 2286 512 2315; x_wconf 81' lang='lat' dir='ltr'>Ho</span> <span class='ocrx_word' id='word_1_443' title='bbox 526 2291 548 2309; x_wconf 81' lang='lat' dir='ltr'>M</span> <span class='ocrx_word' id='word_1_444' title='bbox 563 2291 578 2309; x_wconf 78' lang='lat' dir='ltr'>B</span> <span class='ocrx_word' id='word_1_445' title='bbox 592 2291 606 2309; x_wconf 66' lang='grc' dir='ltr'><strong>Β</strong></span> <span class='ocrx_word' id='word_1_446' title='bbox 622 2291 639 2310; x_wconf 79' lang='lat' dir='ltr'>R</span> <span class='ocrx_word' id='word_1_447' title='bbox 652 2291 671 2310; x_wconf 77' lang='lat' dir='ltr'>o</span> <span class='ocrx_word' id='word_1_448' title='bbox 696 2284 829 2311; x_wconf 61' lang='lat' dir='ltr'>Nlemoir.</span> <span class='ocrx_word' id='word_1_449' title='bbox 848 2283 881 2312; x_wconf 80' lang='lat' dir='ltr'>de</span> <span class='ocrx_word' id='word_1_450' title='bbox 896 2282 1009 2313; x_wconf 77' lang='lat' dir='ltr'>l&#39;Acad.</span> <span class='ocrx_word' id='word_1_451' title='bbox 1028 2280 1185 2321; x_wconf 77' lang='lat' dir='ltr'>desscienc.</span> <span class='ocrx_word' id='word_1_452' title='bbox 1210 2291 1297 2321; x_wconf 83' lang='lat'>1704.</span> <span class='ocrx_word' id='word_1_453' title='bbox 1327 2294 1353 2322; x_wconf 90' lang='lat' dir='ltr'>p.</span> <span class='ocrx_word' id='word_1_454' title='bbox 1380 2293 1445 2321; x_wconf 60' lang='lat'>1513).²</span> 
     </span>
    </p>

    <p class='ocr_par' dir='ltr' id='par_1_11' title="bbox 358 2319 937 2396">
     <span class='ocr_line' id='line_1_40' title="bbox 358 2319 937 2396; baseline 0.01 -48"><span class='ocrx_word' id='word_1_455' title='bbox 358 2320 436 2396; x_wconf 42' lang='grc' dir='ltr'>(Αἲξ</span> <span class='ocrx_word' id='word_1_456' title='bbox 459 2319 691 2351; x_wconf 70' lang='lat' dir='ltr'>LAURENT.</span> <span class='ocrx_word' id='word_1_457' title='bbox 710 2329 788 2352; x_wconf 81' lang='lat' dir='ltr'>anat.</span> <span class='ocrx_word' id='word_1_458' title='bbox 813 2334 841 2364; x_wconf 84' lang='lat' dir='ltr'>p.</span> <span class='ocrx_word' id='word_1_459' title='bbox 869 2333 937 2360; x_wconf 78' lang='lat'><strong>495.</strong></span> 
     </span>
    </p>

    <p class='ocr_par' dir='ltr' id='par_1_12' title="bbox 359 2364 577 2397">
     <span class='ocr_line' id='line_1_41' title="bbox 359 2364 577 2397; baseline 0.009 -2"><span class='ocrx_word' id='word_1_460' title='bbox 359 2364 370 2395; x_wconf 68' lang='lat'>-1</span> <span class='ocrx_word' id='word_1_461' title='bbox 456 2371 482 2397; x_wconf 73' lang='lat' dir='ltr'>v·</span> <span class='ocrx_word' id='word_1_462' title='bbox 512 2370 577 2397; x_wconf 70' lang='lat'>²¹7-</span> 
     </span>
    </p>

    <p class='ocr_par' dir='ltr' id='par_1_13' title="bbox 357 2401 1373 2478">
     <span class='ocr_line' id='line_1_42' title="bbox 357 2401 1373 2478; baseline 0.01 -50"><span class='ocrx_word' id='word_1_463' title='bbox 357 2402 437 2478; x_wconf 48' lang='lat'>51713</span> <span class='ocrx_word' id='word_1_464' title='bbox 462 2401 483 2428; x_wconf 94' lang='lat' dir='ltr'>V</span> <span class='ocrx_word' id='word_1_465' title='bbox 496 2412 504 2430; x_wconf 87' lang='lat'>1</span> <span class='ocrx_word' id='word_1_466' title='bbox 518 2411 532 2430; x_wconf 71' lang='grc' dir='ltr'>ι</span> <span class='ocrx_word' id='word_1_467' title='bbox 545 2411 566 2429; x_wconf 77' lang='grc' dir='ltr'><em>υ</em></span> <span class='ocrx_word' id='word_1_468' title='bbox 578 2411 616 2471; x_wconf 52' lang='lat' dir='ltr'>ss?</span> <span class='ocrx_word' id='word_1_469' title='bbox 630 2412 644 2431; x_wconf 77' lang='lat' dir='ltr'>s</span> <span class='ocrx_word' id='word_1_470' title='bbox 656 2411 678 2431; x_wconf 78' lang='lat' dir='ltr'>N</span> <span class='ocrx_word' id='word_1_471' title='bbox 691 2412 702 2431; x_wconf 83' lang='lat' dir='ltr'><strong>s</strong></span> <span class='ocrx_word' id='word_1_472' title='bbox 728 2401 783 2442; x_wconf 75' lang='lat' dir='ltr'>obs</span> <span class='ocrx_word' id='word_1_473' title='bbox 801 2404 909 2435; x_wconf 70' lang='lat' dir='ltr'>aemmc.</span> <span class='ocrx_word' id='word_1_474' title='bbox 937 2403 976 2440; x_wconf 64' lang='lat' dir='ltr'>fic?</span> <span class='ocrx_word' id='word_1_475' title='bbox 996 2403 1029 2435; x_wconf 83' lang='lat' dir='ltr'>de</span> <span class='ocrx_word' id='word_1_476' title='bbox 1047 2406 1119 2439; x_wconf 76' lang='lat' dir='ltr'>med.</span> <span class='ocrx_word' id='word_1_477' title='bbox 1137 2404 1226 2445; x_wconf 62' lang='lat' dir='ltr'>prael.</span> <span class='ocrx_word' id='word_1_478' title='bbox 1246 2413 1276 2444; x_wconf 76' lang='lat' dir='ltr'>p.</span> <span class='ocrx_word' id='word_1_479' title='bbox 1305 2408 1373 2445; x_wconf 74' lang='lat'>164.</span> 
     </span>
    </p>

    <p class='ocr_par' dir='ltr' id='par_1_14' title="bbox 363 2450 673 2480">
     <span class='ocr_line' id='line_1_43' title="bbox 363 2450 673 2480; baseline 0.003 -1"><span class='ocrx_word' id='word_1_480' title='bbox 363 2451 405 2472; x_wconf 70' lang='lat' dir='ltr'>,n</span> <span class='ocrx_word' id='word_1_481' title='bbox 459 2451 486 2479; x_wconf 68' lang='lat' dir='ltr'>p·</span> <span class='ocrx_word' id='word_1_482' title='bbox 511 2450 574 2480; x_wconf 75' lang='lat'><em>330-</em></span> <span class='ocrx_word' id='word_1_483' title='bbox 608 2452 673 2480; x_wconf 36' lang='grc' dir='ltr'>εἰς,</span> 
     </span>
    </p>
   </div>
  </div>
 </body>
</html>
