2003 2748
396 159 1340 219 SECRLVELAMJENTA.
1574 167 1652 206 263

74 256 197 296 teriori
220 255 373 295 sede‘ad
400 255 639 306 posteriorem
666 259 809 306 pergit,
852 264 892 295 ut
921 259 1077 295 anterius
1104 257 1355 294 mediastinum
1377 254 1474 294 idem
1503 253 1544 293 fit
1569 267 1655 294 cum

68 317 261 366 posteriori
282 316 504 354 mediastino.
539 315 735 353 Terminus
765 315 871 362 hujus
896 316 1037 354 laminae
1065 316 1224 365 superius
1249 316 1399 364 quidem
1426 316 1550 352 arteria
1579 315 1659 364 pul-

73 376 228 414 monalis
258 376 380 413 dextra
403 375 460 412 est.
497 374 680 412 Inferioris
709 377 817 423 partis
843 374 929 411 fines
960 376 1040 412 sunt
1071 387 1162 412 vena
1183 374 1402 423 pulmonalis
1426 374 1550 411 dextra
1570 375 1661 411 infe-

74 436 149 472 tior
170 463 179 477 ,
214 436 250 471 Sc
270 433 504 472 transversum
524 432 673 482 septum.
709 432 751 470 ld
774 435 866 471 inter
888 434 922 471 ἃ
947 446 1026 471 eam
1051 446 1182 471 venam
1199 461 1207 475 ‚
1247 433 1446 471 secundum
1466 434 1555 471 latus
1573 434 1661 471 dex-

75 501 173 532 trum
197 506 295 531 venae
318 505 410 530 cavae
427 520 436 534 ‚
469 492 595 529 eadem
622 492 753 528 lamina
779 505 842 541 per
870 492 1010 530 saccum
1030 505 1168 531 caecum
1185 491 1324 535 fertur,
1365 505 1475 542 quem
1505 494 1660 542 pericar-

75 553 176 590 dium
208 564 292 589 cum
318 551 498 588 tranverso
526 550 626 600 septo
655 552 845 600 intercipit.

132 610 300 649 Medium
317 610 546 649 intervallum
567 611 660 648 inter
681 623 811 648 venam
829 609 901 647 fine
920 611 995 659 pari
1021 611 1057 647 δε
1081 610 1329 659 pulmonalem
1346 609 1556 648 inferiorem
1572 610 1659 648 dex-

68 677 164 708 tram
186 681 336 711 venam,
371 669 473 706 ita‘se
497 669 629 711 habet,
668 678 707 707 ut
737 669 867 707 lamina
902 670 1027 706 dextra
1056 670 1256 707 mediastini
1283 670 1385 706 abeat
1414 671 1450 706 in
1479 671 1659 707 membra-

71 741 156 766 nam
184 736 367 765 externam
396 728 590 777 pulmonis.
626 728 711 770 Sub
737 742 828 766 vena
858 729 1060 778 pulmonali
1089 729 1213 766 dextra
1241 730 1432 770 inferiori,
1475 736 1570 766 trans
1598 742 1658 766 ve-

68 799 155 825 nam
168 799 288 824 cavam
302 788 337 824 δε
354 786 594 836 oesophagum
609 816 618 829 ‚
634 790 790 827 anterius
807 788 1072 831 mediastinum,
1091 797 1185 825 trans
1201 788 1453 837 pericardium,
1477 800 1562 826 cum
1577 787 1659 837 pos-

69 847 194 885 teriori
218 846 430 884 mediastino
455 848 699 884 continuatur.
773 852 776 853 ’

132 905 168 943 Si
190 905 292 942 malis
313 918 330 942 a
357 906 546 954 posteriori
573 900 786 943 mediastino
808 905 981 944 sermonis
1000 907 1144 943 initium
1168 905 1304 948 facere,
1338 911 1426 943 tune
1445 905 1593 954 quidem
1609 904 1658 943 la-

68 965 168 1002 mina
190 964 313 1002 dextra
334 963 446 1013 surgit
468 965 511 1000 ad
531 965 701 1002 dextrum
725 965 914 1014 oesophagi
942 965 1031 1002 latus
1047 993 1056 1007 ,
1098 964 1230 1002 deinde
1253 977 1272 1002 a
1301 964 1404 1002 sextae
1421 965 1526 1002 costae
1553 965 1652 1007 sede,

68 1025 135 1061 ubi
152 1023 269 1072 aspera
287 1025 410 1060 arteria
429 1023 601 1061 dividitur
616 1052 626 1067 ,
662 1025 698 1061 &
723 1024 875 1062 includit
904 1026 1023 1072 primo
1040 1024 1280 1072 oesophagum
1296 1052 1306 1066 ‚
1343 1023 1474 1060 deinde
1499 1023 1656 1073 asperam

71 1085 259 1124 arteriam,
296 1084 330 1119 ἃ
351 1082 619 1131 circumpositas
644 1082 838 1131 glandulas.
907 1083 1213 1132 Superius‘vero,
1248 1082 1292 1119 ad
1318 1082 1487 1120 dextrum
1526 1085 1656 1132 pariter

72 1153 165 1180 cavae
204 1153 303 1179 venae
341 1142 450 1184 latus,
484 1142 691 1191 posterioris
715 1142 915 1181 mediastini
945 1143 1069 1181 dextra
1097 1142 1228 1180 lamina
1247 1154 1332 1181 cum
1355 1143 1525 1180 anteriori
1565 1153 1654 1179 con-

71 1201 237 1239 tinuatur.

532 1316 565 1358 §.
598 1309 636 1350 V
649 1309 676 1351 Ι.
741 1310 949 1359 ngamenta
972 1309 1190 1348 Pulmonum.

131 1418 434 1467 Ligamentorum
461 1405 705 1469 pulmonum,
740 1426 781 1457 ut
801 1419 968 1456 nonnulli
994 1426 1154 1460 vocant,
1190 1418 1381 1466 conjunCta
1401 1430 1486 1456 cuzn
1509 1418 1657 1456 medias-

69 1478 151 1516 tino
172 1477 315 1516 historia
337 1479 386 1515 est
401 1506 410 1520 ‚
447 1479 548 1525 cujus
569 1478 749 1526 particula:
772 1478 847 1515 sint.
884 1477 980 1526 Ergo
1005 1478 1171 1515 dextrum
1197 1478 1345 1526 quidem
1366 1477 1541 1523 ejusmodi
1566 1477 1656 1525 liga-

68 1542 227 1575 mentum
241 1537 290 1572 est
303 1535 526 1585 triangularis
551 1537 645 1586 plica
668 1537 810 1574 laminae
836 1537 969 1574 dextrae
993 1537 1192 1573 mediastini
1211 1537 1419 1586 posterioris
1441 1536 1653 1578 abscedens,

71 1597 117 1634 ab
142 1595 366 1644 oesophago,
406 1597 442 1632 ὃς
460 1596 504 1633 ad
529 1596 746 1645 pulmonem
772 1597 927 1634 veniens
972 1595 1067 1633 Finis
1089 1598 1187 1632 enim
1213 1596 1398 1645 pulmonis
1425 1596 1541 1633 dextri
1566 1596 1656 1632 liber

71 1654 218 1694 fiuouat
235 1683 244 1697 ‚
282 1656 317 1692 δι
335 1654 380 1692 ad
401 1667 485 1692 eum
503 1656 546 1693 ab
568 1655 768 1705 oesophago
788 1656 823 1692 ὃς
848 1668 867 1692 a
889 1655 1156 1704 diaphragmate
1179 1657 1226 1692 ita
1244 1655 1365 1705 pleura
1381 1655 1516 1704 duplex
1532 1657 1651 1697 venit.

72 1722 113 1752 ut
128 1714 282 1762 aliquam
299 1713 570 1762 longitudinem
582 1717 679 1763 prius
692 1714 923 1757 nanciscatur,
948 1727 1058 1763 quam
1075 1715 1118 1751 ab
1135 1714 1335 1763 oesophago
1353 1714 1396 1750 ad
1415 1714 1657 1763 pericardiurn

72 1774 262 1823 pertingat.
297 1772 491 1811 Terminus
515 1773 622 1821 hujus
649 1773 838 1822 ligamenti
863 1773 1023 1822 superior
1047 1773 1198 1823 quidem
1218 1786 1308 1811 vena
1327 1773 1545 1823 pulmonalis
1570 1773 1659 1810 dex-

72 1839 125 1870 tra
150 1832 322 1875 inferior,
363 1833 537 1870 terminus
556 1845 640 1870 vero
667 1833 815 1870 inferior
838 1832 1070 1882 diaphragma
1094 1832 1151 1869 est.

135 1889 321 1938 Sinzstrum
340 1891 515 1939 pulmonis
533 1892 929 1941 ligamentum'iterum
959 1893 1030 1929 ima
1060 1904 1139 1940 pars
1166 1892 1216 1929 est
1248 1891 1387 1928 lamina:
1414 1890 1556 1928 finistrae
1581 1903 1656 1927 nie-

74 1949 213 1987 diastini
229 1950 377 1998 postici,
411 1950 536 1987 eadem
552 1952 774 1999 triangularis
788 1979 797 1993 ‚
833 1953 998 2000 interque
1020 1950 1261 1999 pericardium
1288 1951 1323 1986 &
1339 1950 1554 1998 pulmonem
1572 1962 1656 1998 pro-

75 2008 188 2046 duffta.
223 2007 368 2057 Nempe
388 2008 511 2057 pleura
531 2009 574 2046 ab
592 2017 689 2047 aorta
716 2009 910 2051 recedens,
939 2013 976 2046 δε
1000 2009 1042 2046 ad
1061 2010 1302 2058 pericardium
1314 2008 1527 2056 adsurgens,
1557 2010 1654 2057 prius

74 2067 184 2105 finem
201 2067 315 2103 imum
337 2067 413 2104 lobi
439 2067 563 2104 finistri
583 2068 767 2117 pulmonis
784 2068 938 2116 adtingit
951 2096 959 2110 ,
993 2070 1150 2117 indeque
1168 2076 1293 2105 contra
1318 2066 1461 2116 seipsam
1477 2067 1651 2110 redeuns,

75 2126 120 2164 ad
143 2127 254 2176 usque
282 2138 408 2173 venam
434 2127 684 2175 pulmonalem
714 2126 886 2164 sinistram
917 2127 1127 2164 inferiorem
1160 2129 1402 2165 continuatur.
1448 2126 1655 2177 Utrumque

74 2185 313 2233 ligamentum
332 2184 432 2222 suum
448 2186 615 2235 pulmoni
638 2187 870 2224 involucrum
900 2187 1056 2235 inpertit.

134 2243 249 2282 Etiam
273 2244 446 2292 posterius
467 2246 720 2283 mediastinum
747 2247 940 2294 obliquum
966 2246 1014 2282 est
1031 2273 1041 2288 ,
1083 2258 1167 2284 cum
1194 2244 1311 2282 dextri
1336 2244 1425 2282 sacci
1446 2244 1569 2294 pleura
1588 2247 1658 2283 toti

76 2310 183 2342 aortae
209 2304 396 2343 incumbat
428 2307 480 2353 (y
496 2312 534 2356 ),
570 2304 696 2343 sinistri
714 2317 801 2344 vero
828 2305 918 2344 sacci
941 2304 1064 2355 pleura
1096 2304 1166 2344 five
1190 2304 1322 2343 lamina
1345 2304 1554 2355 posterioris
1582 2317 1658 2342 me-

1570 2363 1658 2402 dias-

118 2479 191 2521 (α)
213 2478 356 2511 Sanno
380 2478 400 2511 1.
423 2489 448 2512 e.
474 2489 502 2520 p.
531 2483 558 2512 6.
