2003 2748
333 167 413 203 394
828 148 865 188 L
889 149 917 189 ιν
942 149 988 189 B'.
1051 148 1078 188 I
1108 147 1152 189 V.
1219 148 1252 189 c
1282 148 1319 190 o
1350 147 1408 188 Rs

327 249 444 290 miffas
465 247 605 287 arterias
631 245 746 295 erigi,
786 246 823 283 ἃς
843 243 1070 284 dextrorsum
1092 246 1130 283 in
1153 245 1408 284 retffitudinem
1431 242 1466 281 se
1492 244 1679 294 porrigere
1699 273 1708 287 ,
1748 245 1931 295 conjectu}

327 323 366 349 ra
391 308 445 348 Ill.
480 307 657 345 Archiatri
684 312 764 344 nata
791 305 865 348 est,
914 313 1052 344 aortam
1081 306 1118 342 ἃς
1143 304 1330 354 pulmonis
1358 305 1523 342 arteriam
1548 305 1681 342 eodem
1709 312 1874 354 tempore
1897 307 1934 345 se

328 371 367 408 in
397 367 653 405 rectitudinem,
677 365 897 409 extendere,
938 366 976 403 δε
1001 377 1068 403 cor
1089 377 1225 414 cogere
1240 394 1249 409 ‚
1283 372 1333 403 ut.
1353 376 1477 402 arcum
1503 364 1629 402 circuli
1656 363 1849 407 describat,
1889 377 1934 404 eo

328 429 506 475 majorem
522 453 532 468 ,
575 438 650 475 quo
678 425 798 464 cordis
822 436 976 474 quaeque
991 437 1071 474 pars
1092 437 1110 462 a
1132 424 1204 462 basi
1218 426 1397 463 remotior
1418 423 1467 460 est
1489 426 1543 475 [q
1559 426 1587 470 ].
1624 422 1797 472 Denique
1826 425 1935 462 etiam

329 487 464 524 dextrae
495 485 684 528 auriculae,
706 484 860 523 veodem
888 484 1114 533 tempusculo
1143 484 1312 534 repletae,
1353 483 1486 533 aliquas
1517 485 1556 520 in
1587 482 1692 533 pulsu
1719 490 1835 532 partes
1865 481 1934 521 esse

327 544 381 587 Ill.
410 545 595 584 Archiater
617 552 786 593 expertus
808 543 858 582 est
879 547 932 589 [ν
947 547 974 589 ].

389 605 586 655 Aliquanto
612 603 870 653 simpliciorem
898 602 1019 652 pulsus
1045 604 1085 641 in
1115 603 1227 641 corde
1247 601 1388 640 causam
1412 599 1479 639 effe
1501 600 1671 650 adparet,
1709 613 1794 639 cum
1819 602 1858 638 in
1880 613 1934 640 ra-

328 666 385 704 nis
417 663 614 702 auriculam
644 663 789 701 unicam
818 663 854 699 &
880 663 1118 711 posteriorem
1144 662 1359 699 habentibus
1380 690 1389 703 ‚
1436 660 1472 697 δε
1502 662 1671 702 unicam,
1710 673 1831 709 neque
1852 673 1934 704 cur-

328 736 411 763 vam
426 752 435 767 ‚
474 735 592 772 neque
614 723 704 760 adeo
728 720 762 759 se
786 724 988 770 erigentem
1012 722 1176 758 arteriam
1191 750 1201 764 ,
1234 722 1348 769 inque
1374 719 1477 769 pullo
1505 719 1678 757 incubato
1698 747 1707 761 ,
1749 721 1852 767 cujus
1880 732 1934 758 ar-

329 785 427 823 teriae
450 785 641 820 minimam
660 782 705 819 ad
722 793 786 819 cor
807 782 989 819 rationem
1015 779 1150 819 habent
1164 808 1175 824 ‚
1219 787 1342 818 tamen
1359 778 1511 830 perinde
1537 790 1602 816 cor
1617 807 1627 822 ‚
1675 777 1764 816 dum
1790 787 1933 818 contra-

328 843 427 882 hitur
441 870 451 885 ,
484 841 687 880 antrorsum
706 839 739 878 se
762 842 885 891 erigat.

390 901 512 951 Ipsum
539 913 627 939 vero
654 912 739 937 cum
764 899 878 937 corde
905 897 1138 948 diaphragma
1155 897 1381 948 aliquantum
1403 895 1633 935 dextrorsum
1660 897 1697 935 &
1731 896 1934 936 antrorsum

328 961 467 999 recedit
484 955 497 1006 [
514 971 530 997 ς
544 961 558 1008 ]
574 973 582 997 :
613 971 700 997 nam
717 971 739 996 a
754 971 933 997 mucrone
949 959 1119 1008 undique
1129 965 1294 996 tumente
1310 958 1509 1007 percutitur
1533 955 1586 1007 [t
1600 955 1633 1006 ].
1669 956 1809 995 Contra
1824 958 1934 995 etiam

329 1020 514 1070 inspiratio
530 1048 538 1062 ,
560 1021 596 1057 δε
613 1019 835 1069 pulmonum
849 1018 1041 1068 plenitudo
1057 1047 1066 1060 ,
1083 1016 1194 1055 fitum
1206 1018 1326 1055 cordis
1338 1018 1563 1067 aliquantum
1576 1023 1692 1054 mutat
1706 1045 1717 1059 ,
1738 1017 1775 1054 δι
1787 1028 1934 1055 mucro-

326 1092 416 1118 nem
433 1078 635 1118 antrorsum
650 1079 776 1127 cogit,
813 1085 856 1117 ut
883 1084 1005 1116 totum
1023 1078 1137 1116 viscus
1156 1080 1271 1127 magis
1287 1077 1332 1115 ad
1349 1076 1653 1128 perpendiculum
1671 1083 1828 1126 ponatur
1845 1076 1930 1131 [u].

776 1190 813 1232 S.
846 1184 884 1225 V
897 1185 924 1226 Ι.
990 1184 1250 1225 Aur-maurum
1279 1187 1478 1225 corita-auio.

387 1298 561 1347 Sequitur
575 1326 585 1341 ,
614 1304 657 1335 ut
669 1295 956 1335 con'traftionem
972 1295 1214 1335 auricularum
1235 1286 1357 1334 cordis
1380 1294 1620 1333 describamus
1631 1322 1640 1337 ,
1662 1295 1701 1331 in
1714 1294 1847 1344 quibus
1864 1294 1931 1331 ob-

325 1357 509 1397 servandis
525 1369 641 1407 nuper
663 1357 701 1394 in
720 1356 811 1395 vivis
834 1355 1047 1395 animalibus
1063 1355 1200 1395 multus
1223 1355 1277 1394 fui
1296 1354 1311 1404 (
1329 1367 1357 1391 x
1373 1355 1401 1402 ).
1439 1353 1481 1392 Et
1503 1356 1543 1391 in
1563 1354 1688 1392 dextra
1706 1353 1855 1402 quidem
1869 1365 1932 1392 au-

325 1417 442 1456 ricula
465 1429 594 1455 omnes
619 1416 785 1455 diametri
804 1428 875 1455 una
893 1416 1118 1454 minuuntur.
1162 1414 1259 1453 Nam
1281 1425 1373 1463 apex
1391 1414 1541 1462 quidem
1557 1425 1671 1451 caecus
1692 1420 1927 1461 corrugatur,

324 1476 513 1514 descendit
543 1474 602 1526 [y
621 1473 643 1525 ]
673 1475 790 1524 adque
804 1475 923 1512 cordis
939 1486 1084 1514 carnem
1105 1474 1321 1523 deprimitur
1339 1502 1349 1516 ‚
1385 1482 1426 1511 ut
1443 1473 1632 1511 manifesto
1651 1480 1797 1510 motum
1809 1501 1818 1515 ‚
1839 1484 1859 1510 a
1874 1472 1930 1511 su-

325 1537 464 1586 premis
487 1542 610 1573 ortum
626 1563 635 1577 ‚
669 1534 847 1574 deorsum
862 1535 1070 1573 continuari
1094 1533 1225 1572 videas.
1262 1531 1403 1572 Eodem
1423 1541 1591 1582 tempore
1616 1538 1746 1570 motus>
1766 1534 1842 1580 ejus
1868 1543 1931 1570 au-

324 1593 451 1634 riculae
476 1595 520 1633 ab
543 1594 775 1633 inferioribus
805 1593 942 1633 sursum
968 1593 1090 1632 tendit
1121 1596 1181 1638 [z
1201 1596 1245 1638 ],
1286 1594 1323 1630 δι
1357 1604 1436 1642 pars
1456 1594 1540 1638 ‘ima
1571 1591 1779 1634 adscendit,
1821 1600 1929 1640 atque

327 1655 421 1694 adeo
451 1662 528 1692 tota
559 1654 716 1692 auricula
747 1655 893 1691 brevior
923 1652 971 1690 fit.
1023 1652 1181 1692 Cristatae.
1206 1651 1432 1701 adpendices:
1450 1664 1523 1690 una
1550 1653 1739 1700 eriguntur
1765 1649 1861 1700 quasi
1892 1650 1930 1687 Sc

324 1722 534 1752 curvantur.
547 1713 742 1752 aPraeterea
766 1725 851 1751 cum
873 1712 1031 1752 auricula
1050 1712 1183 1750 dextra*
1195 1723 1360 1750 convexa
1379 1710 1421 1749 fit
1436 1741 1446 1754 ‚
1482 1713 1519 1749 ὃς
1535 1712 1718 1749 innumeri
1743 1722 1843 1747 arcus
1861 1711 1928 1747 cir·

325 1772 406 1811 culi
424 1774 576 1820 cogitari
597 1771 729 1820 poffint
746 1801 755 1814 ‚
793 1774 857 1820 qui
881 1772 925 1809 ab
950 1773 1043 1810 ostio
1062 1771 1198 1810 venoso
1215 1771 1337 1809 cordis
1358 1771 1403 1809 ad
1426 1771 1546 1808 finum
1561 1771 1730 1808 dextrum
1743 1797 1755 1812 ‚
1793 1769 1930 1805 sedem-

325 1844 402 1881 que
417 1829 513 1868 foffae
538 1830 649 1868 ovalis
671 1830 854 1870 ducuntur
869 1857 878 1871 ,
917 1832 1026 1868 etiam
1050 1830 1089 1869 hi
1108 1841 1209 1867 arcus
1233 1831 1419 1867 breviores
1438 1829 1529 1866 fiunt
1551 1831 1588 1865 δε
1614 1829 1788 1865 rectiores.
1823 1826 1929 1864 Dum

328 1891 514 1928 breviores
538 1889 740 1927 redduntur
754 1918 765 1933 ,
800 1889 926 1927 dexter
949 1888 1053 1926 limes
1077 1887 1243 1928 auriculae
1269 1887 1406 1926 sinistro
1428 1889 1579 1937 propior
1593 1886 1656 1929 fit,
1689 1887 1725 1924 &
1749 1884 1897 1924 viciffim
1914 1914 1924 1929 ‚

322 1957 438 1999 ¹atque
463 1948 555 1987 adeo
578 1948 751 1988 auriculae.
770 1948 943 1987 diameter
963 1947 1156 1986 transversa
1173 1948 1349 1985 minuitur
1378 1943 1456 2000 [a]
1475 1975 1485 1989 ,
1521 1946 1613 1984 adeo
1632 1945 1845 1996 conspicue,
1885 1952 1929 1983 ut

323 2009 517 2058 {longiores
544 2008 595 2046 illi
614 2020 715 2046 arcus
733 2036 744 2051 ,
787 2009 851 2058 qui
885 2007 1089 2048 denticulos
1117 2008 1448 2054 crenatimarginis
1473 2005 1715 2045 auricularum
1742 2004 1923 2047 efficiunt,

1854 2075 1928 2102 ma-

372 2125 452 2164 (ᾳ)
475 2123 657 2156 Semel.
685 2133 710 2155 c.

361 2166 383 2202 ·(
407 2167 454 2202 r)
480 2176 506 2202 r>-
536 2175 601 2204 35⁴7·

372 2207 386 2242 (
404 2216 416 2235 5
438 2207 451 2242 )
473 2209 542 2242 Exp.
568 2209 636 2241 476.

361 2248 383 2283 (
407 2247 452 2282 t)
477 2249 544 2283 Exp.
574 2256 639 2282 502.

373 2288 422 2323 (u
440 2288 454 2322 )
477 2289 545 2322 Exp.
574 2297 640 2321 500.

372 2328 422 2364 (x
442 2329 455 2363 )
479 2328 562 2356 Anno
594 2331 677 2361 1756.
702 2328 764 2366 post
788 2328 880 2359 editos
900 2330 1006 2358 Comm.
1030 2329 1063 2359 de
1075 2333 1153 2367 part.
1183 2330 1297 2360 irritab.
1325 2328 1363 2366 59⁵
1377 2326 1563 2369 fitfibilibm.

364 2368 453 2404 (y)
476 2367 579 2413 Sefoml
603 2369 745 2397 1We1noire
763 2371 833 2406 Exp.
858 2378 928 2407 477.
951 2375 1020 2404 482.
1047 2381 1114 2408 ςιο.
1142 2377 1210 2411 538.
1244 2381 1312 2411 539.
1336 2370 1405 2412 556.
1431 2371 1604 2404 LANCIS
1628 2377 1656 2408 p-
1683 2373 1729 2407 57·

374 2407 546 2445 (z)1b1d.
572 2408 641 2445 Exp.
668 2414 738 2444 482.
770 2417 837 2450 543.
870 2419 934 2439 1²0.

371 2448 452 2486 (a)
471 2450 542 2487 1³29·
569 2457 636 2487 533·
661 2458 726 2487 537·
750 2456 822 2489 ⁵38⁴
857 2460 924 2490 539·
956 2458 1020 2490 5402
