2003 2748
330 170 382 210 34
684 154 695 158 ’
804 154 1076 199 [[31].
1140 154 1364 199 VASA.

524 192 535 215 l

322 258 471 309 quidem
492 256 748 306 experimentis
776 267 896 305 neque
916 268 997 293 mea
1021 255 1251 293 consentiunt
1265 285 1274 299 ‚
1310 266 1430 304 neque
1446 253 1478 294 R
1492 266 1515 292 υ
1532 265 1556 292 Υ
1567 266 1582 293 s
1595 266 1616 293 c
1630 266 1655 292 Η
1668 267 1680 293 1
1696 267 1719 292 A
1731 268 1756 293 N
1769 252 1792 294 A
1818 258 1835 304 <
1843 258 1886 303 e)
1897 256 1929 300 ἶ

321 330 439 367 neque
465 316 494 354 L
508 329 527 353 E
544 328 562 352 E
577 327 599 352 υ
614 328 652 352 w
664 327 683 352 E
695 327 720 352 N
735 327 761 351 H
775 326 798 352 o
813 327 832 352 ε
845 327 865 352 c
878 328 904 352 K
917 328 930 352 1
945 328 967 352 A
981 327 1006 352 N
1021 328 1043 352 A
1065 316 1214 353 demum
1226 343 1235 357 ,
1269 317 1308 352 in
1328 315 1458 364 quibus
1473 315 1623 364 perinde
1638 315 1826 365 plerosque
1844 319 1912 353 mi-

321 379 507 414 nimorum
531 374 696 412 vasorum
714 374 867 422 angulos
889 385 1014 412 acutos
1032 374 1098 412 effe
1116 403 1125 417 ,
1164 375 1200 411 ὃς
1216 374 1354 425 aliquos
1380 376 1487 411 etiam
1507 374 1654 412 obtusos
1681 375 1773 412 recte
1795 377 1912 424 expri-

319 438 437 472 mitur.
482 434 622 471 Verum
651 435 778 471 restius
805 434 948 472 videtur
977 434 1021 471 de
1041 434 1095 471 his
1118 434 1253 472 retibus
1274 432 1450 472 artoriofis
1464 463 1474 478 ,
1518 446 1719 484 eorumque
1741 434 1881 483 angulis
1897 462 1907 476 ‚

319 497 357 532 in
378 494 471 532 Libro
488 492 560 532 VII
579 493 670 537 dici,
709 504 784 544 quo
817 493 862 531 de
892 493 1089 531 secretione
1115 505 1273 542 agemus.

898 606 930 647 §—
966 601 1069 642 XX.
1155 601 1343 640 flexiones.

379 713 495 752 Etiam
507 713 551 750 de
565 712 785 750 flexionibus
801 713 1009 749 arteriarum
1035 710 1234 748 dicendum
1249 711 1307 749 est.
1355 710 1650 761 Frequentiffime
1674 720 1796 750 autem
1819 712 1912 749 arte-¹

318 775 400 816 riae,
435 785 522 823 quas
548 772 632 810 sebo
651 771 843 820 repleveris
860 800 870 814 ,
902 770 1068 809 flexuosa:
1100 769 1181 808 sunt
1202 799 1212 814 ‚
1250 772 1357 807 etiam
1384 771 1430 808 de
1445 772 1577 820 quibus
1604 783 1681 808 non
1704 772 1907 819 cogitares,

317 844 461 871 artuum
484 834 619 870 arteriae
639 859 648 873 ,
677 829 865 868 interoffea
889 842 922 867 v.
949 842 978 867 c.
1001 836 1174 878 utraque,
1212 830 1341 867 tibialis
1363 829 1466 877 (g),
1499 842 1657 879 peronea
1672 831 1690 878 <
1704 830 1755 876 h>
1773 858 1783 873 ‚
1809 829 1911 879 plan-

317 894 400 929 taris
423 891 502 940 (i)
519 920 528 934 ,
565 891 693 928 tibialis
731 891 888 928 anterior
914 891 931 936 (
946 888 988 936 l>
1007 918 1016 932 ‚
1051 889 1214 931 radialis,
1250 889 1383 927 ulnaris
1411 890 1528 937 (m),
1564 889 1767 927 vertebralis
1795 889 1848 930 (n
1866 889 1907 935 ),

317 951 479 1001 hepatica
499 950 519 998 (
537 962 555 987 o
571 951 591 998 )
607 978 616 992 ,
651 949 798 998 spinales
819 949 839 998 (
848 956 876 997 p
891 949 931 996 ),
967 947 1128 986 oculares
1152 950 1168 995 (
1183 960 1204 995 q
1221 945 1247 997 ).
1281 946 1437 985 Videtur
1456 955 1577 985 autem
1599 948 1674 986 haec
1689 948 1841 997 repletio
1860 947 1912 984 fe-

317 1023 356 1048 re
378 1022 462 1048 eum
482 1010 610 1061 statum
633 1009 816 1046 restituere
830 1036 840 1051 ‚
875 1009 938 1057 qui
959 1008 1008 1044 est
1029 1009 1067 1045 in
1087 1009 1294 1046 arteriarum
1315 1007 1463 1044 diastole
1481 1019 1488 1043 ;
1517 1019 1626 1055 quare
1641 1008 1749 1044 etiam
1764 1009 1803 1044 in
1825 1008 1912 1045 vivo

316 1069 468 1107 homine
491 1069 648 1117 vivoque
665 1068 817 1105 animale
834 1079 890 1104 eas
904 1067 1045 1103 arterias
1066 1066 1200 1103 alterne
1224 1065 1332 1103 flexas
1353 1064 1421 1103 effe
1455 1066 1628 1105 credibile
1648 1065 1791 1104 videtur
1804 1095 1813 1109 ‚
1847 1077 1910 1102 ne-

317 1141 389 1179 que
411 1134 638 1177 repugnant,
669 1139 748 1176 quae
769 1128 807 1164 in
828 1127 999 1166 vivorum
1021 1125 1231 1162 animalium
1257 1124 1491 1163 incifionibus
1514 1125 1597 1162 vidi.
1635 1125 1800 1172 Quando
1822 1137 1910 1162 vero

318 1188 454 1226 eaedem
474 1189 610 1225 arteriae
631 1187 754 1223 inanes
778 1186 1006 1235 reperiuntur
1019 1213 1029 1227 ,
1067 1186 1120 1222 uti
1148 1184 1222 1222 fere
1242 1185 1282 1220 in
1308 1184 1539 1222 cadaveribus
1560 1185 1599 1222 fit
1617 1212 1627 1227 ,
1665 1193 1754 1222 tunc
1774 1184 1911 1222 eaedem

318 1248 419 1284 restae
445 1246 537 1284 fiunt
552 1274 562 1289 ‚
599 1246 636 1282 &
659 1245 825 1285 eamdem
849 1243 1102 1282 rectitudinem
1120 1250 1357 1292 recuperant,
1393 1243 1540 1293 quando
1559 1243 1626 1281 filis
1646 1242 1822 1281 cellulofis
1841 1242 1911 1280 sol-

318 1313 466 1345 vuntur.
499 1305 624 1343 Reuas
640 1317 752 1354 ergo,
777 1312 820 1345 ,ut
839 1303 1048 1347 mundatas,
1077 1302 1151 1341 fere
1165 1304 1325 1354 pingunt
1340 1304 1535 1341 anatomici
1552 1302 1621 1355 (r)
1639 1331 1649 1346 ,
1679 1314 1770 1352 ego,
1796 1314 1912 1352 quan-q

319 1373 399 1404 tum
409 1367 515 1415 potui
527 1393 536 1407 ,
564 1370 726 1402 naturam
744 1366 901 1402 imitatus
919 1362 1007 1404 sum.

377 1424 515 1474 Aliquae
545 1430 666 1465 tamen
691 1425 825 1462 arteriae
850 1423 1075 1472 pecurialiter
1094 1421 1291 1460 flexuosam
1314 1422 1551 1464 direffionem
1565 1430 1709 1464 amant,
1741 1428 1782 1459 ut
1801 1422 1909 1459 etiam

317 1487 411 1522 inter
432 1485 658 1522 anatomicos
688 1496 727 1521 ea
747 1483 919 1521 undulata
941 1491 1065 1520 natura
1088 1489 1176 1519 nota
1199 1480 1248 1518 fit.
1294 1480 1338 1520 Et
1358 1483 1478 1531 primo
1500 1481 1667 1520 fiexuosae
1680 1481 1761 1519 sunt
1788 1492 1836 1518 eae
1855 1493 1909 1518 ar-

316 1546 414 1582 teriae
430 1572 440 1586 ,
476 1553 702 1593 quaecunque
729 1555 792 1592 per
823 1543 1095 1585 membranam,
1126 1553 1236 1590 perve
1260 1541 1374 1579 viscus
1397 1542 1596 1584 incedunt,
1634 1541 1735 1588 cujus
1754 1540 1909 1577 mutabi-

315 1604 360 1640 lis
384 1601 601 1651 magnitudo
622 1601 686 1645 fit,
718 1609 759 1640 ut
778 1614 842 1651 per
865 1602 1096 1639 conditiones
1114 1602 1195 1638 vitae
1220 1600 1385 1638 humanae
1414 1603 1561 1639 variatas
1586 1612 1642 1638 eas
1660 1601 1801 1637 arterias
1828 1611 1910 1637 mo·
1931 1629 1933 1631 .

319 1662 368 1700 do
394 1662 581 1710 longiores
607 1660 684 1699 fieri
708 1659 845 1702 neceffe
868 1659 934 1703 fit,
968 1659 1083 1697 modo
1108 1660 1301 1697 breviores.
1348 1659 1400 1697 Ita
1419 1659 1584 1698 flexuosae
1611 1659 1694 1698 sunt
1710 1660 1844 1696 arteriae
1860 1659 1909 1695 la-

317 1722 466 1759 biorum
492 1722 689 1758 coronariae
716 1719 767 1771 (s
784 1720 801 1766 )
817 1748 826 1762 ‚
860 1720 994 1757 arteriae
1019 1720 1111 1757 uteri
1128 1720 1144 1765 (
1160 1724 1175 1755 t
1191 1715 1207 1766 )
1222 1747 1232 1761 ,
1267 1719 1542 1761 intestinorum,
1575 1718 1612 1755 &
1633 1718 1797 1766 inprimis
1821 1717 1910 1754 cras-

317 1779 466 1823 sorum,
499 1779 622 1822 iridis,
655 1779 869 1818 umbilicalis
894 1778 1054 1817 funiculi.
1107 1777 1216 1815 Labia
1246 1779 1345 1816 enim
1374 1778 1490 1817 modo
1517 1776 1835 1826 constringuntur,
1870 1778 1909 1814 in

1815 1834 1909 1874 sum-

361 1954 428 1993 (e)
449 1955 556 1986 Confer
579 1954 708 1986 veficulae
729 1954 819 1986 felleae
836 1960 896 1985 rete
918 1954 1081 1984 arteriosum
1094 1976 1103 1992 ,
1126 1953 1210 1985 valde
1226 1950 1305 1985 certe
1322 1955 1545 1994 acutangulum,
1565 1953 1674 1992 pistum
1688 1952 1716 1982 in
1728 1950 1842 1992 Epistola
1855 1950 1903 1981 1v‚

321 1997 357 2029 T.
375 1995 416 2026 V.
437 1996 455 2026 f.
481 2007 508 2032 4.
532 1994 669 2035 Thesaur.
693 2003 769 2025 anat.
792 1996 845 2026 IX.
868 1995 903 2025 T.
920 1994 970 2026 IV.
985 1995 1006 2026 f.
1036 2004 1060 2024 1.

361 2037 423 2075 (g)
447 2039 521 2067 lcmz.
542 2043 621 2066 anat.
651 2034 730 2075 Fasc.
753 2037 786 2067 V.
804 2036 840 2067 T·
865 2036 900 2067 V.

359 2077 431 2115 (h)
452 2077 523 2108 Ibid.
548 2077 582 2108 T.
611 2077 644 2107 V.

360 2118 422 2156 (i)
443 2117 515 2148 lbid.
544 2118 579 2148 T.
603 2116 654 2148 v1.
679 2117 699 2148 f.
718 2128 744 2147 2.
765 2127 793 2156 p.

359 2159 420 2196 (l)
443 2159 514 2189 lbid.
539 2159 574 2189 T.
598 2158 644 2188 IV.

459 2197 537 2238 Fasc.
560 2199 609 2229 VI.
633 2199 667 2229 T.
691 2199 741 2229 ΙΙΙ.
769 2210 790 2229 e.
815 2201 842 2229 &
864 2198 935 2230 Tab.
962 2199 997 2229 V.

453 2238 531 2278 fasc,
555 2239 592 2270 11.
613 2239 647 2269 T.
669 2246 726 2269 art.
744 2240 820 2277 thyr.
842 2239 893 2276 inf.
920 2239 958 2271 11.

446 2279 521 2318 quc.
546 2279 579 2310 ll.
605 2280 677 2310 Tab.
709 2288 767 2311 art.
792 2281 889 2310 coeliac.
919 2282 939 2311 Ι.

452 2319 528 2359 Fufi.
548 2320 609 2350 VH.
635 2320 669 2351 T.
696 2328 750 2350 art.
776 2322 885 2350 medull.
902 2320 980 2360 spin.
999 2328 1057 2354 uer.

449 2360 525 2400 fasc.
550 2361 615 2391 VII.
641 2363 712 2391 Tub.
736 2368 795 2393 art.
810 2361 917 2400 ocuLfl
939 2372 963 2392 2.
987 2371 1013 2401 3.

447 2402 482 2432 Et
505 2403 636 2440 princeps
660 2402 965 2434 Eusraeuius

446 2442 549 2481 fafiic.
574 2443 628 2473 Ill.
650 2442 685 2472 T.
712 2443 745 2471 ΙΙ.

446 2481 550 2525 Fascic.
575 2482 621 2516 lv.
647 2483 683 2514 T.
712 2482 734 2513 1.
754 2485 829 2523 pelv-

384 2210 413 2229 Ξ

357 2202 376 2522 ΛΑΑΛΑΛΑΑ

386 2490 400 2515 οι
387 2454 400 2472 -ι
385 2331 405 2432 *nurse
386 2292 400 2310 ο
388 2251 408 2269 3

411 2200 436 2524 ψνυυυυυυ
