2003 2748
329 155 408 192 324
840 144 1403 188 LIRIV‘COR.

318 240 456 288 sinistro
484 240 603 278 minus
630 237 706 277 effe.
757 237 898 279 Verum
927 253 1005 280 eam
1030 243 1195 287 auriculae
1226 244 1360 282 dextrae
1386 241 1586 292 angustiam
1614 253 1767 293 magnus
1796 245 1913 285 saccus

319 312 419 337 venae
445 292 558 341 cav'ce,
602 297 672 336 five
704 300 973 350 receptaculum
1007 302 1180 341 venosum
1212 302 1360 354 subplet.

885 472 907 511 S
940 473 967 513 E
1000 475 1032 514 C
1063 475 1097 514 T
1128 475 1145 514 I
1177 475 1213 516 O
1276 477 1293 516 I
1325 478 1341 517 l
1372 476 1397 517 I.

712 582 1054 622 CORDIS
1116 583 1528 627 FABRICA.

595 694 626 735 ἓ.
664 690 689 728 Ι,
763 692 881 730 Corda
899 691 1127 731 [Membrana.
1179 694 1340 745 Cellulosa
1376 695 1461 735 Tela
1476 697 1640 747 suhjeffa.

357 797 361 798 ⁷
428 798 594 849 Ergimus
616 799 660 837 ad
683 812 748 839 cor
771 803 885 851 magis
911 804 1058 853 proprie
1080 803 1236 848 dictum,
1273 803 1344 843 five
1373 806 1417 844 ad
1438 808 1679 846 ventriculos,
1721 807 1892 859 Figuram
1902 812 1919 855 ,¹

432 859 611 910 situmque
639 872 715 897 non
743 864 950 911 repetimus.
1005 863 1241 908 Membrana,
1272 877 1341 914 qua
1367 869 1524 905 exterior
1546 869 1621 915 ejus
1641 867 1841 919 superficies
1866 877 1920 908 te·-

323 921 443 967 gitur,
478 921 711 958 continuatur
745 933 829 959 cum
851 924 985 960 extima
1004 924 1214 961 membrana
1241 933 1369 968 aortae,
1410 939 1582 965 venarum
1616 940 1804 972 cavarum,
1838 929 1919 979 pul-

323 979 546 1023 monahum,
581 981 714 1017 arteriae
733 981 920 1029 pulmonis
938 1011 947 1024 ,
984 993 1120 1032 perque
1143 996 1199 1021 eas
1226 986 1451 1023 membranas
1475 999 1560 1025 cum
1584 989 1807 1037 pericardio,
1842 1000 1918 1038 quo

324 1045 448 1076 tamen
468 1039 586 1077 multo
603 1042 762 1076 tenerior
776 1041 825 1078 est
851 1041 886 1078 &
907 1043 1062 1079 tenuior.
1098 1041 1199 1081 Duas
1217 1043 1394 1091 ejusmodi
1413 1055 1576 1085 externas
1597 1048 1716 1085 cordis
1739 1049 1920 1086 membra-

326 1111 387 1136 nas
411 1097 478 1135 ess'e
500 1099 519 1146 (
534 1107 558 1147 p
574 1100 590 1145 )
607 1127 616 1142 ,
651 1099 813 1147 pluresve
840 1102 856 1147 (
872 1102 948 1148 q),
981 1114 1044 1151 per
1066 1102 1211 1140 artificia
1231 1102 1419 1153 fingularia
1441 1106 1688 1156 profectorum
1707 1107 1916 1157 explicatur.

387 1157 462 1196 Sub
489 1170 534 1195 eo
562 1159 701 1196 extimo
724 1160 844 1197 cordis
871 1161 1076 1199 velamento
1099 1160 1267 1200 cellulosa
1293 1165 1361 1202 tela
1389 1166 1460 1209 est,
1502 1168 1540 1203 in
1566 1179 1635 1216 qua
1663 1166 1786 1216 paffim
1813 1179 1920 1205 verus

327 1217 436 1266 adeps
458 1217 515 1266 (r
535 1215 552 1268 )
584 1221 776 1267 reponitur
792 1248 801 1262 ,
836 1220 927 1257 nihil
950 1224 967 1266 <
988 1233 1004 1258 s
1023 1222 1039 1267 )
1064 1222 1107 1258 ab
1131 1221 1278 1259 aliarum
1296 1225 1451 1272 partium
1479 1218 1628 1263 humani
1655 1228 1818 1275 corporis
1840 1228 1922 1276 pin-

327 1277 522 1325 guitudine
553 1277 721 1316 diversus.
757 1278 799 1316 In
825 1277 954 1316 similes
974 1281 1129 1317 omnino
1151 1281 1305 1319 aliorum
1327 1285 1580 1323 membrorum
1615 1286 1812 1324 cavernulis
1848 1285 1921 1323 cel-

327 1336 416 1374 lulas
442 1336 638 1386 deponitur
654 1365 662 1380 ‚
699 1350 785 1387 quas
806 1338 850 1375 de
869 1338 997 1377 inflatis
1019 1342 1154 1377 arteriis
1168 1352 1303 1378 exeuns
1325 1355 1382 1380 aer
1394 1343 1543 1393 pulchre
1562 1345 1749 1388 distendit,
1780 1346 1816 1382 ὃς
1830 1356 1921 1394 aqua

329 1396 438 1444 (t),
477 1397 514 1433 &
542 1404 735 1445 argentum
762 1400 887 1436 vivum
905 1426 915 1441 ,
950 1407 1010 1436 aut
1037 1399 1153 1448 ipsum
1181 1399 1330 1438 demum
1361 1404 1518 1441 tenerius
1550 1403 1675 1441 sebum
1702 1406 1740 1441 in
1769 1403 1922 1442 ΚυΥε-

328 1468 349 1492 c
365 1467 413 1492 HI
432 1468 443 1492 1
474 1456 568 1503 (u)
599 1457 633 1494 &
655 1455 722 1495 ΚΑ
738 1469 794 1495 Au
808 1470 830 1494 v
846 1471 856 1494 ι
872 1470 885 1493 1
916 1456 931 1507 (
948 1470 974 1495 x
992 1459 1012 1507 )
1042 1461 1298 1508 experimentis
1323 1462 1457 1511 replet,
1494 1463 1641 1513 quando
1669 1476 1761 1513 pene
1781 1463 1922 1502 nebulae

328 1514 441 1551 {imile
471 1514 674 1558 exhalavit,
715 1524 776 1554 aut
801 1516 935 1554 humor
968 1517 1125 1567 denique
1153 1519 1198 1556 de
1228 1519 1399 1569 sanguiue
1429 1523 1522 1571 (y)
1556 1523 1692 1561 sudans.
1723 1524 1812 1561 Non
1837 1523 1922 1561 ideo

329 1586 392 1623 per
414 1581 535 1612 totum
569 1588 632 1613 cor
667 1577 833 1625 aequabili
863 1578 967 1627 copia
989 1577 1096 1627 adeps
1132 1577 1379 1625 distribuitur,
1416 1581 1474 1619 sed
1499 1583 1573 1620 vasa
1599 1585 1787 1620 coronaria
1808 1581 1923 1632 sequi-

329 1639 408 1676 tur,
436 1641 477 1671 ut
502 1634 586 1672 alibi
610 1635 723 1679 solet,
756 1637 906 1685 perinde
931 1650 1016 1674 vero
1043 1637 1225 1687 copiofior
1242 1668 1251 1682 ,
1287 1642 1340 1678 uti
1365 1654 1494 1679 eorum
1517 1641 1680 1680 vasorum
1706 1644 1827 1680 trunci
1848 1654 1924 1679 ma-

329 1694 425 1739 jores
438 1692 527 1730 sunt.
551 1693 651 1732 Hinc
667 1695 862 1734 crassiffima
875 1697 953 1734 stria
964 1696 1076 1746 adipis
1096 1697 1304 1737 valleculam
1317 1702 1333 1746 <
1343 1713 1367 1737 z
1381 1701 1397 1747 )
1409 1702 1533 1751 replet,
1550 1715 1629 1752 quae
1640 1702 1847 1740 universum
1859 1713 1923 1740 cor

330 1752 444 1788 ambit
460 1781 469 1795 ‚
511 1755 546 1790 ὃς
568 1766 585 1791 a
606 1755 729 1795 dextra
749 1784 758 1798 ,
799 1754 1005 1805 sinistraque
1029 1756 1185 1794 auricula
1211 1758 1369 1808 separat,
1409 1773 1479 1810 qua
1507 1762 1632 1799 eadem
1662 1763 1784 1811 magni
1804 1762 1924 1799 trunci

330 1822 505 1849 venarum
524 1840 533 1854 ,
585 1813 621 1848 δι
652 1815 861 1851 arteriarum
890 1818 1161 1852 coronariurum
1193 1820 1436 1857 continentur.
1475 1819 1642 1862 Deinde,
1692 1833 1761 1870 qua
1794 1831 1924 1857 eorum

330 1868 499 1908 vasorum
526 1873 679 1919 maiores
710 1871 866 1911 fasciculi
898 1873 1141 1916 descendunt,
1182 1887 1247 1924 per
1273 1876 1360 1927 septi
1389 1890 1522 1928 nempe
1557 1880 1844 1918 ventriculorum
1874 1878 1925 1915 se-

1813 1937 1898 1975 dem
1911 1941 1928 1982 ,’

471 2044 532 2086 Jofi
559 2046 662 2077 L1tu
677 2057 767 2078 TAU
784 2059 802 2078 n
828 2044 910 2088 cffiiys
935 2054 1131 2092 anatomiques
1155 2061 1184 2092 p.
1208 2061 1276 2090 ²32·

473 2088 544 2118 Tres
566 2090 595 2118 in
617 2089 752 2120 cordibus
780 2090 937 2129 congelatis
959 2091 1099 2131 separavit
1124 2094 1149 2131 J.
1178 2094 1209 2125 B.
1236 2095 1349 2125 SENA
1367 2105 1384 2125 c
1410 2094 1430 2125 ἱ.
1455 2104 1479 2126 c.
1506 2105 1533 2135 p.
1563 2101 1627 2134 187.
1653 2110 1655 2112 ·

474 2129 531 2200 go
544 2139 588 2158 Lu
606 2140 627 2159 M
643 2141 658 2159 ις
672 2140 690 2159 υ
704 2141 716 2160 s
744 2131 778 2159 de
799 2141 829 2160 re
850 2139 975 2162 anatem.
1004 2145 1030 2172 p.
1055 2135 1121 2172 ¹76.

476 2210 496 2238 V

504 2171 626 2200 uriorem
651 2170 756 2201 fecerat
776 2172 789 2208 ,1
807 2182 849 2202 As
863 2184 880 2203 o
896 2184 913 2203 L
927 2185 937 2203 ι
950 2184 972 2204 N
987 2185 1006 2205 υ
1022 2186 1035 2205 s
1060 2176 1089 2205 in
1115 2177 1230 2215 proprio
1251 2176 1358 2207 libellO.

513 2220 656 2240 iaussn
673 2222 715 2242 Ns
741 2212 757 2242 l.
791 2223 814 2242 c.
841 2224 870 2252 p.

400 2053 419 2083 Ρ
434 2046 448 2082 )

408 2098 425 2126 q
439 2089 450 2123 )

409 2139 425 2156 r
442 2129 455 2165 )

410 2179 422 2196 s
439 2169 452 2205 )

407 2215 419 2237 t
440 2210 453 2246 )
894 2223 939 2252 3³·

406 2251 454 2281 ιι)
480 2251 558 2289 Epist.
578 2253 669 2282 Probl.
685 2250 767 2283 XVI.
793 2255 871 2284 The.
895 2254 949 2286 IV.
969 2267 997 2287 n.
1025 2261 1073 2293 96.
1105 2255 1184 2297 ΤὶιιςΙΪ
1210 2257 1259 2289 VI.
1290 2257 1341 2290 sub
1362 2258 1411 2290 fin.
1442 2258 1560 2300 Advers
1590 2265 1671 2291 anat.
1696 2260 1720 2292 I.
1746 2271 1774 2291 n.
1803 2264 1829 2292 6.

406 2292 462 2368 33

407 2381 423 2400 2
442 2372 455 2408 )

400 2412 415 2442 P

420 2301 426 2308 ·
479 2291 644 2322 Kamsw
667 2303 694 2322 n.
722 2299 789 2333 687.
822 2299 890 2335 689.

485 2332 664 2363 RuYscH
695 2335 776 2373 Thgs?
804 2335 854 2366 IV.
885 2347 915 2366 n.
938 2341 987 2376 95.

476 2369 728 2404 Venusiam
754 2377 847 2407 Anat.
871 2377 943 2408 Tab.
972 2389 1011 2411 21.
1027 2380 1046 2410 f.
1064 2391 1125 2413 1.2.
1143 2380 1398 2417 Laxeiqus
1421 2392 1448 2422 p.
1478 2383 1925 2425 54.1n·summ0c0rdepinguo·

428 2422 589 2446 LleuS
616 2414 645 2445 L.
672 2415 725 2447 XI.
753 2427 781 2456 p.
811 2422 879 2451 626.
897 2419 957 2451 edit
979 2421 1230 2456 amonim.
