2003 2748
357 135 1328 185 'SECTIIILCORDISFABRICA
1563 156 1642 194 3³5

104 235 262 277 Nullum
293 242 382 286 ago
398 237 575 286 ejusmodi
596 249 795 276 commune
828 237 999 277 fibrarum
1033 239 1181 278 stratum
1213 239 1309 278 adest
1337 239 1391 287 [d
1405 242 1444 294 ],
1479 241 1582 292 quod
1608 255 1649 281 u-=

45 305 216 348 trumque
249 297 493 335 ventriculum
526 296 809 346 complestatun
852 298 887 335 &
922 310 939 336 a
967 297 1068 335 claris
1104 301 1187 336 viris
1220 298 1448 349 propositum
1480 302 1529 340 est
1552 303 1641 349 [e].

44 357 159 396 Fibrae
177 369 264 395 vero
283 364 438 394 externa:
454 358 490 393 in
502 356 590 394 facie
606 367 769 394 convexa
787 368 805 393 a
823 356 957 394 dextris
976 357 1133 395 tendunt
1151 358 1193 396 ad
1211 358 1342 397 sinistra
1360 360 1375 407 [
1379 357 1420 409 f
1423 364 1441 406 J
1457 389 1466 403 ,
1501 362 1540 398 in
1556 361 1645 400 facie

45 417 150 466 plana
188 428 274 454 vero
309 428 328 453 a
349 415 490 452 finistris
524 415 569 453 ad
599 415 723 453 dextra
758 415 865 464 [g]‚
901 417 1050 466 oblique
1080 425 1260 467 utraeque,
1304 420 1340 456 &
1367 419 1412 456 ad
1435 419 1533 469 spirae
1563 432 1645 459 mo-

45 476 135 514 dum
158 504 167 518 ‚
204 488 323 525 neque
343 474 425 512 satis
449 474 493 512 ad
513 474 669 524 aliquam
695 475 921 512 constantem
947 488 1124 513 normam.
1161 477 1204 514 ln
1228 478 1317 516 facie
1349 479 1452 527 plana
1475 479 1571 518 fibrae
1600 480 1643 517 fi-

45 536 145 574 nistri
173 533 362 572 ventriculi
379 533 528 583 paulum
561 533 808 575 adscendunt,
860 535 949 572 dum
982 535 1086 585 super
1114 536 1283 575 dextrum
1318 537 1515 576 thalamum
1545 547 1641 577 tran-

40 595 155 644 seunt.
193 593 235 631 In
255 605 318 630 ora
342 592 515 642 superiori
535 592 623 643 septi
641 593 762 631 cordis
781 593 877 631 fibrae
898 594 1016 632 dextri
1032 596 1223 634 ventriculi
1250 596 1528 646 superscandunt
1546 599 1566 646 (
1584 599 1639 645 h)

44 654 220 692 sinistrum
238 680 247 695 ,
282 652 410 689 leniter
440 652 576 690 eaedem
604 652 722 691 versus
749 651 845 690 bafin
873 662 1048 698 curvatae,
1086 662 1126 693 ut
1158 665 1277 693 tamen
1304 658 1340 693 in
1367 658 1574 696 universum
1598 670 1641 696 o-

43 713 168 762 blique
193 712 236 750 ad
258 723 475 750 mucronem
497 712 740 756 inclinentur,
777 713 812 750 &
834 713 1011 763 punCtum
1039 713 1152 754 flexus
1182 717 1353 754 contrarii
1381 716 1559 761 habeant,
1598 725 1641 756 ut

42 772 295 810 mathematica
315 783 405 809 voce
431 778 584 810 utamur.

102 831 215 870 Fibrae
237 833 344 868 etiam
369 831 559 869 ventriculi
586 831 704 868 dextri
735 833 932 869 exteriores
955 844 1000 869 ex
1029 832 1201 871 fasciculis
1224 831 1360 872 carneis
1386 837 1543 874 exterius
1566 836 1643 874 nas-

43 899 200 934 cuntur,
240 891 277 928 δε
294 891 430 940 ubique
460 889 557 932 fere,
597 890 687 928 dum
706 890 810 940 plana
837 890 972 928 diversa
1000 891 1170 930 fibrarum
1198 894 1319 931 cordis
1353 893 1501 944 oblique
1525 894 1559 933 se
1587 896 1643 933 in-

43 950 239 993 tersecant,
278 949 484 988 firmitatem
501 949 636 988 eaedem
660 950 778 990 multo
799 949 862 988 fibi
889 951 1066 1000 praestant.

103 1009 140 1048 Si
173 1009 322 1047 obscura
349 1009 425 1047 haec
453 1009 622 1047 videntur
640 1037 649 1051 ‚
686 1022 805 1058 neque
834 1010 991 1048 dilucida
1022 1011 1163 1049 fabricae
1192 1011 1312 1049 cordis
1342 1014 1446 1051 notio
1477 1025 1524 1051 ex
1556 1026 1642 1052 meo

41 1068 208 1107 sermone
232 1068 385 1106 nascitur
401 1096 410 1111 ,
446 1068 715 1106 excusationem
744 1070 788 1106 ab
816 1068 922 1118 ipfius
949 1071 1001 1107 rei
1029 1069 1238 1108 difficultate
1263 1079 1447 1121 repetam,
1490 1085 1570 1124 quae
1589 1073 1644 1123 fe«,

43 1129 119 1172 cit,
142 1135 181 1167 ut
198 1127 249 1167 Ill.
275 1129 342 1167 viri
367 1128 475 1167 verba
501 1128 650 1167 nitidius
681 1139 872 1178 excerpere
900 1131 1056 1168 omnino
1081 1142 1160 1168 non
1181 1132 1375 1181 potuerim

364 1241 397 1284 §-
446 1235 597 1277 XXV.
663 1236 785 1276 Ner-vi
817 1237 947 1276 Cordis.
982 1237 1116 1286 Nostra
1141 1237 1309 1289 Historia.

102 1347 300 1399 Aliquanto
320 1347 457 1385 facilior
476 1359 669 1385 nervorum
684 1347 828 1386 historia
844 1348 914 1391 est,
944 1350 1007 1398 qui
1025 1348 1145 1386 cordis
1164 1348 1268 1386 fibras
1284 1348 1427 1388 adeunt.
1457 1348 1527 1389 Etfi
1542 1349 1644 1390 enini

43 1419 163 1458 neque
187 1414 311 1457 paratu
340 1406 500 1444 facillimi
524 1406 625 1449 sunt,
661 1419 779 1456 neque
801 1409 837 1444 in
863 1408 1013 1457 planum
1035 1407 1241 1446 sermonem
1260 1411 1397 1458 promti
1413 1409 1549 1454 relatu,
1579 1424 1642 1448 ne-

44 1479 116 1517 que
138 1466 211 1504 fere
236 1466 404 1505 haetenus
424 1465 502 1503 satis
526 1465 634 1515 plene
664 1465 855 1516 descripti,
890 1468 1010 1516 plures
1033 1474 1153 1505 tamen
1181 1470 1343 1517 proprias
1373 1469 1641 1507 observationes

45 1526 172 1565 habeo.
207 1525 249 1564 Id
278 1538 365 1565 vero
391 1527 513 1565 iterata
532 1525 761 1563 excusatione
786 1526 946 1575 indiget,
980 1526 1082 1576 quod
1110 1529 1265 1565 omnino
1286 1527 1441 1566 aliorum
1459 1529 1642 1567 clarorum

45 1585 304 1635 descriptiones
328 1597 405 1623 non
431 1586 617 1635 potuerim
638 1585 675 1623 in
698 1597 828 1628 unam,
866 1587 1080 1624 continuam
1098 1586 1283 1624 historiam
1308 1589 1557 1637 conjungere:
1587 1589 1643 1625 ni-

43 1646 114 1683 mis
141 1646 239 1682 enim
269 1645 306 1682 &
327 1646 420 1682 inter
448 1644 482 1682 se
507 1644 594 1694 ipsas
620 1643 828 1683 dissentiunt
846 1674 855 1688 ‚
899 1646 935 1683 ὃς
960 1658 978 1683 a
999 1647 1088 1683 meis
1114 1646 1272 1696 denique
1298 1646 1480 1686 differunt.
1516 1646 1587 1685 Sed
1604 1648 1644 1685 δε

45 1703 82 1742 id
105 1702 354 1743 difficultatem
374 1711 483 1753 auget
497 1732 506 1746 ,
531 1703 633 1754 quod
654 1716 852 1743 nervorum
870 1706 908 1742 in
923 1705 1148 1748 universum,
1187 1707 1223 1744 δε
1243 1706 1377 1745 horum
1399 1707 1547 1757 quidem
1563 1719 1644 1745 ner-

45 1775 178 1802 vorum
194 1792 203 1806 ‚
238 1765 301 1813 qui
327 1776 392 1802 cor
418 1763 577 1807 adeunt,
616 1764 743 1803 itinera
768 1766 930 1815 ramique
955 1766 1055 1804 miris
1079 1765 1198 1803 modis
1237 1778 1442 1817 magnaque
1478 1768 1645 1805 varietate

45 1824 84 1861 in
106 1824 323 1873 corporibus
342 1823 510 1861 humanis
529 1822 678 1867 ludant,
713 1830 755 1861 ut
777 1825 884 1862 etiam
909 1837 1006 1863 meas
1020 1853 1030 1868 ,
1069 1825 1112 1862 ab
1137 1825 1259 1863 alienis
1286 1827 1457 1865 omnibus
1480 1826 1644 1876 segrega-

46 1888 120 1926 tas,
147 1882 415 1921 observationes
430 1884 469 1921 in
493 1884 644 1921 unicum
678 1882 885 1925 sermonem
919 1886 1024 1923 unire
1057 1884 1130 1923 fere
1162 1884 1264 1934 supra
1302 1898 1426 1924 meum
1450 1887 1643 1934 ingenium

46 1941 164 1982 fuerit.
198 1941 379 1979 Hat'tenus
405 1950 526 1979 autem
553 1942 714 1985 credidi,
750 1955 809 1980 me
826 1943 894 1981 hos
917 1956 1020 1982 meos
1041 1943 1182 1981 labores
1200 1944 1370 1993 liquidius
1395 1952 1642 1984 enarraturum

46 2000 125 2039 fore
143 2029 152 2044 ‚
194 1999 221 2037 fi
248 2001 394 2038 unicam
420 2002 459 2037 in
488 1999 767 2049 descriptionem
791 2013 887 2039 meas
916 2003 1066 2053 quidem
1095 2002 1362 2041 observationes
1386 2016 1515 2042 omnes
1539 2004 1643 2043 colli-

46 2070 194 2109 gerem,
229 2059 361 2097 deinde
385 2071 424 2097 ea
447 2059 704 2108 subjungerem
719 2088 729 2103 ,
766 2071 846 2112 quae
869 2060 927 2100 alii
947 2062 1031 2103 clari
1051 2064 1118 2103 viri
1145 2069 1207 2102 aut
1226 2062 1326 2103 aliter
1352 2076 1371 2102 a
1390 2065 1481 2104 meis
1505 2076 1644 2117 propo-

47 2127 168 2164 nunt,
205 2127 267 2157 aut
294 2120 385 2158 meis
411 2118 542 2158 addere
565 2119 742 2158 videntur.

1596 2184 1651 2224 Ex

248 2312 315 2340 240.
338 2315 367 2336 n.
388 2313 438 2344 ις.

89 2303 224 2342 (d)p

84 2341 220 2381 (e)p·
255 2354 322 2384 354·

89 2382 314 2423 (f)pzo5
337 2386 537 2426 tah7.f.x.

90 2425 264 2506 aas
311 2427 403 2459 ·f·

195 2467 406 2507 Tab.7.f.1.
