2003 2748
566 177 936 218 SECTIV.
999 178 1283 219 ADEPS.
1665 192 1711 228 33

118 277 227 326 pidus
240 276 392 315 nascitur
403 304 411 318 ‚
428 276 602 316 undecim
619 275 870 313 drachmarum
884 275 1047 325 pondere
1064 287 1110 314 ex
1119 279 1234 314 unciis
1252 273 1406 313 sedecim
1421 277 1438 324 (
1447 274 1502 325 e).
1535 277 1568 315 Is
1586 277 1709 325 ignem

118 343 238 373 tamen
252 336 429 384 concipit,
455 347 657 384 terramque
676 335 866 384 relinquit,
896 335 1026 384 absque
1039 335 1157 379 ferro,
1189 337 1289 382 cujus
1305 348 1382 384 pars
1412 349 1492 374 vere
1512 336 1580 374 fixa
1598 339 1708 374 totius

115 395 228 444 adipis
253 396 302 432 est
322 395 395 431 fere
417 421 507 446 7630
541 392 627 442 (f).
673 394 730 431 Sal
754 407 842 443 ergo
864 393 955 431 fixus
983 406 1028 431 ε’(
1048 395 1152 444 adipe
1174 395 1293 434 nullus
1325 396 1534 440 obtinetur,
1578 406 1617 434 ut
1643 396 1708 434 du-

116 454 205 492 dum
234 462 423 491 monuerat
451 453 494 499 J.
524 452 965 490 Com.BAac}1usr.N
994 455 1091 500 (g).

173 513 315 561 Adeps,
350 525 432 549 cum
453 511 493 549 fit
518 512 695 560 ejusmodi
717 541 725 554 ‚
763 515 816 550 uti
835 512 994 550 nascatur
1021 525 1118 550 nunc
1143 513 1191 550 est
1214 515 1484 551 inveniendum.
1521 513 1590 552 Etsi
1608 519 1706 555 enim

113 572 157 609 ad
179 569 391 609 secretiones
415 571 490 608 haec
515 571 652 609 theoria
671 573 850 620 pertinet,
887 584 965 620 quae
991 572 1158 609 nondum
1188 575 1324 622 exponi
1349 583 1575 622 potuerunt,
1611 577 1703 614 adeo

112 638 232 668 tamen
253 630 423 679 simplicia
445 632 691 679 experimenta
715 630 759 667 ad
779 631 855 668 haec
887 631 1097 679 explicanda
1122 630 1325 674 sufficiunt,
1366 641 1405 671 ut
1436 633 1560 671 malim
1589 642 1703 673 totam

111 689 287 727 cellulosae
309 689 386 727 telae
406 689 587 738 adipisque
610 702 815 727 connexam
838 689 1022 727 historiam
1046 703 1144 728 nunc
1158 691 1358 735 absolvere.

170 749 316 786 Cellulae
335 749 426 787 adeo
452 748 554 791 sunt,
592 751 694 786 variae
723 748 845 798 figurae
863 778 872 791 ,
913 761 999 799 quas
1028 750 1186 787 diximus
1217 751 1356 788 laminis
1386 751 1551 802 fibrisque
1583 760 1702 792 textus

110 807 270 845 cellulofi
300 809 490 857 intercipi,
546 809 582 845 ὃς
624 821 703 858 quae
728 809 824 857 adipi
849 807 929 846 sum:
959 821 1026 858 pro
1048 809 1187 847 loculis.
1224 809 1287 847 Eas
1307 812 1342 847 in
1363 822 1517 860 corpore
1536 812 1701 854 humano

107 866 231 916 paffim
247 897 256 910 ,
293 868 329 904 δε
350 869 387 904 in
406 867 626 905 subcutaneo
643 860 746 917 adspe
761 897 770 910 ‚
806 867 934 905 melius
964 878 1085 905 tamen
1105 871 1141 905 in
1163 870 1357 906 cavernoso
1388 882 1542 919 corpore
1568 875 1670 920 penis
1689 877 1706 916 ‚¹

109 926 146 962 δι
168 927 206 963 in
236 928 338 965 vitrei
361 927 526 964 humoris
551 927 707 969 cellulis,
744 928 780 964 &
805 929 961 964 maxime
984 929 1022 964 in
1042 926 1170 964 inflatis
1192 927 1392 977 spongiofis
1411 929 1563 968 funiculi
1582 932 1701 968 umbi-

107 983 241 1028 licans,
277 986 486 1034 pulmonis,
526 986 717 1024 ventriculi
744 987 780 1023 &
809 987 1063 1024 intestinorum
1083 987 1224 1024 fabricis
1252 1000 1396 1025 cernere
1426 989 1475 1026 est
1495 1017 1504 1031 ‚
1546 1001 1699 1038 quarum

109 1056 158 1080 eae
177 1045 341 1093 praestant
357 1073 366 1087 ‚
400 1057 485 1094 quas
498 1045 641 1082 ultimas
663 1047 850 1083 nominavi
867 1074 875 1088 ‚
909 1048 992 1095 quia
1010 1048 1132 1083 inanes
1149 1075 1157 1089 ,
1189 1047 1317 1085 melius
1335 1047 1448 1085 oculis
1471 1047 1695 1097 usurpantur.

108 1101 151 1139 In
179 1104 334 1152 piscibus
356 1105 609 1152 grandioribus
633 1104 816 1142 evidentes
842 1104 946 1147 sunt,
981 1108 1123 1154 quoties
1140 1106 1248 1155 adeps
1274 1119 1405 1144 vacuos
1424 1107 1584 1144 alveolos
1604 1108 1706 1146 dese-¹

106 1163 179 1199 ruit
205 1163 299 1210 (h).
338 1162 621 1201 Innumerabiles
637 1163 860 1211 colliguntur
880 1165 1016 1213 ubique
1034 1165 1144 1204 loculi
1166 1193 1174 1207 ,
1212 1167 1247 1202 &
1269 1167 1311 1203 ab
1336 1179 1409 1203 uno
1429 1166 1472 1203 ad
1495 1179 1623 1205 onmes
1645 1170 1699 1207 via

105 1228 227 1268 patet,
252 1234 327 1258 non
344 1234 410 1270 per
426 1224 574 1260 unicum
589 1223 736 1272 aliquod
749 1251 758 1265 ,
779 1221 875 1271 quasi
889 1218 1055 1272 ampullae
1070 1252 1079 1266 ,
1104 1224 1235 1261 ostium
1250 1253 1259 1266 ,
1282 1237 1390 1273 quam
1408 1227 1515 1262 nimis
1529 1226 1697 1264 artificio-

105 1279 178 1316 sam
200 1281 396 1329 imaginem
418 1294 494 1318 non
517 1289 662 1330 oportet
688 1283 856 1330 recipere.
891 1280 1021 1330 Figura
1044 1290 1230 1331 utcunque
1252 1284 1408 1321 rotunda
1425 1285 1493 1326 est,
1522 1286 1696 1334 cumipse

104 1338 211 1388 adeps
231 1340 359 1389 sponte
385 1340 418 1378 se
446 1342 484 1378 in
504 1341 676 1379 rotundas
695 1341 856 1389 glebulas
877 1341 1033 1389 colligat.
1067 1341 1252 1390 Ampullas
1277 1355 1365 1392 ergo
1385 1353 1505 1381 ovatas
1518 1361 1541 1386 ‚-
1559 1356 1666 1382 caecas
1681 1373 1691 1388 ‚

105 1399 273 1447 appensas
292 1400 355 1437 fini
375 1402 582 1450 arteriarum
595 1430 604 1443 ,
641 1402 778 1450 primus
801 1399 980 1450 descripsit
1001 1400 1197 1439 Marcellus
1225 1401 1301 1439 MA
1317 1415 1337 1439 L
1350 1415 1366 1439 r·
1381 1415 1392 1438 1
1408 1415 1432 1439 G
1446 1416 1471 1439 H
1486 1416 1496 1439 1
1512 1415 1535 1439 U
1548 1416 1562 1440 s
1586 1405 1603 1450 <
1620 1406 1633 1440 z'
1649 1405 1665 1449 >
1680 1433 1691 1447 ,

104 1468 357 1507 congregatas*
372 1461 410 1497 in
435 1459 602 1502 lobqus,
641 1459 820 1510 percursas
842 1460 1034 1497 reticulatis
1059 1460 1205 1498 vasculis
1220 1490 1229 1503 ,
1265 1462 1301 1498 Sc
1330 1474 1408 1510 quae
1430 1462 1493 1498 alia
1521 1462 1593 1500 fuse
1616 1475 1694 1499 nar-

102 1525 157 1556 rat
174 1517 240 1555 Vir
269 1517 323 1555 Cl.
379 1518 514 1556 Similia
536 1518 741 1567 Frcmciscus
761 1518 796 1556 G
817 1532 838 1555 L
861 1531 874 1555 1
897 1532 912 1556 s
934 1532 948 1556 s
971 1531 994 1556 ο
1019 1531 1041 1555 N
1070 1519 1197 1556 docuit
1227 1520 1313 1567 (k)
1340 1549 1348 1562 ‚
1385 1521 1516 1558 deinde
1552 1520 1695 1569 Clopton

102 1575 174 1614 ΗΑ
188 1589 211 1613 v
227 1588 280 1614 ER
295 1589 309 1614 s
328 1576 341 1617 (
358 1576 398 1623 l)
421 1577 465 1614 de
484 1577 642 1615 medulla
659 1577 808 1626 quidem
824 1577 968 1614 locutus
982 1607 992 1620 ‚
1017 1578 1188 1625 &nuper
1205 1577 1259 1615 Cl.
1289 1578 1358 1616 GR
1375 1591 1395 1614 u
1409 1591 1467 1616 Tz
1482 1592 1509 1616 Μ
1526 1592 1544 1616 A
1562 1592 1582 1616 c
1596 1592 1652 1616 HE
1670 1594 1694 1618 R

103 1636 121 1681 (
139 1637 227 1681 m),
261 1637 323 1684 qui
351 1636 487 1684 duplici
511 1643 678 1684 praeterea
704 1637 811 1674 icone
830 1636 977 1673 iobulos
1003 1637 1182 1674 rotundos
1204 1637 1370 1674 medullae
1389 1638 1532 1675 bubulae
1567 1651 1696 1687 reprae-

97 1693 249 1732 sentavit
270 1696 286 1741 ζ
301 1706 325 1730 n
339 1695 356 1741 )
371 1723 380 1736 ‚
415 1695 450 1731 &
466 1696 673 1732 arteriarum
692 1695 879 1732 trunculos
898 1695 1071 1742 majores,
1098 1697 1161 1744 qui
1176 1707 1240 1745 per
1254 1696 1438 1733 intervalla
1458 1697 1666 1735 lobulorum
1679 1709 1697 1742 ‚'

101 1753 139 1789 &
167 1751 377 1791 cellularum
402 1753 622 1797 decurrunt,
661 1762 768 1804 atque
798 1756 958 1791 minores
985 1753 1145 1792 surculos
1162 1783 1171 1797 ,
1209 1755 1289 1804 ipsis
1316 1755 1454 1793 cellulis
1485 1757 1653 1805 impensos
1677 1786 1687 1801 ,

99 1812 192 1849 recle
216 1812 387 1850 distinxit.
424 1812 527 1851 Plura
554 1815 616 1851 vix
637 1821 731 1851 certa
751 1813 820 1850 fide
841 1815 1090 1852 innotuerunt.

160 1871 376 1919 Conjeecura
396 1874 489 1910 varia
516 1873 661 1910 addidit.
704 1872 823 1922 Atque
840 1872 1039 1910 Marcellus
1066 1873 1109 1911 Μ
1124 1885 1143 1909 A
1158 1886 1177 1910 L
1190 1886 1209 1910 P
1224 1887 1237 1910 1
1251 1886 1274 1910 G
1288 1886 1313 1910 H
1325 1886 1338 1909 1
1353 1886 1376 1910 υ
1391 1887 1405 1911 s
1431 1904 1440 1917 ‚
1472 1874 1691 1924 glandulosae

97 1929 239 1969 fabricae
256 1930 376 1969 fautor
403 1931 604 1972 notissimus
620 1961 630 1975 ,
664 1932 850 1981 glandulas
879 1932 936 1969 vel
962 1932 1081 1970 fontes
1109 1933 1342 1982 pinguedinis
1364 1932 1430 1970 effe
1447 1962 1456 1976 ,
1505 1934 1561 1971 vel
1580 1933 1691 1971 secer-2

96 1990 210 2029 nendi
230 1998 325 2028 certe
351 1991 463 2045 adipis
492 1992 737 2037 adminicula,
771 1991 962 2047 suspicatus
992 1992 1040 2030 est
1074 1995 1092 2041 <
1109 2004 1126 2029 0
1143 1995 1169 2039 ).
1218 1992 1358 2030 Certius
1390 1992 1475 2030 inde
1507 1993 1689 2032 folliculos

1591 2052 1691 2100 glan:

140 2103 201 2139 (ο)
227 2115 254 2143 p
282 2111 327 2142 39.
350 2116 376 2135 n.
404 2110 452 2144 6,-

117 2144 205 2186 ,(1)
229 2156 257 2183 Ρ
275 2156 323 2181 42
342 2157 371 2177 n
393 2152 442 2184 ⁶9·

138 2186 282 2224 (g)l.c

138 2228 207 2261 (h)
238 2197 489 2259 llchaTrNsl.
508 2240 531 2260 c
554 2240 580 2268 p.
606 2239 670 2266 109.

138 2267 197 2304 (i)
222 2271 389 2298 139077017110
413 2270 450 2305 ἓξ
472 2269 573 2309 adeos
597 2270 703 2300 duc'lih.
731 2280 757 2307 p.
778 2280 828 2308 40.
851 2280 899 2308 4¹

136 2308 180 2342 (k
197 2311 207 2344 )
230 2312 271 2338 De
295 2312 451 2338 tentricno
472 2311 508 2346 {ef
498 2311 657 2351 ‘intestinis
675 2321 699 2342 c.
716 2310 767 2342 XL

137 2348 196 2384 (l)
224 2349 536 2390 Ostolo‘vdsomss
544 2375 549 2382 .

137 2389 298 2423 (117).Ισ
319 2401 412 2422 n.12.

136 2430 362 2468 (n)p..23

136 2470 229 2507 (0)¹
261 2482 283 2500 c
309 2483 426 2510 1³³9·

183 2515 311 2553 Ηαίίε7
342 2516 530 2565 Ρίςζίῖοἶοὲ.
568 2518 675 2557 Toni.
711 2519 738 2557 Ι.
1152 2520 1181 2561 E
