2003 2748
327 131 517 197 ἘΕΟᾞ
555 132 626 173 ΙΙ.
663 129 926 173 CORDIS
958 129 1341 171 AURICULAE,
1562 140 1640 175 309

352 206 360 218 Ι
593 248 633 289 5„
670 242 783 281 VII.
854 242 957 280 Venae
990 242 1100 280 Cavae.

109 353 223 392 Venae
250 353 354 392 Cavae
384 354 421 390 in
450 352 601 390 homine
638 353 765 400 utique
796 351 875 388 duae
905 353 922 397 (
937 348 997 401 n)
1023 350 1112 388 sunt.
1150 349 1303 388 Inferior
1333 348 1533 388 breviffima
1564 350 1643 393 est‚'

51 422 93 452 ut
121 426 159 451 ea
190 424 275 451 nota
298 413 429 450 fabrica
458 412 614 450 humana
638 423 657 448 a
687 410 967 460 quadrupedum
991 418 1117 447 natura
1146 409 1249 447 facile
1275 409 1474 458 separetur:
1510 410 1641 460 quibus

53 473 178 510 eadem
195 485 284 510 vena
316 474 354 509 in
380 472 527 508 thorace
554 470 665 518 longa
692 469 749 506 est.
786 468 834 508 Ea
865 468 1045 506 diversitas
1069 481 1087 505 a
1113 469 1232 507 cordis
1259 468 1326 506 s1tu
1358 469 1518 518 pendet,
1557 481 1643 508 cum

53 534 150 570 enim
173 535 211 569 in
241 532 391 569 homine
421 537 496 567 tota
524 529 592 566 lata
626 529 805 577 planaque
835 528 924 566 facie
953 528 1053 577 septo
1082 527 1278 566 transverso
1305 529 1493 566 incumbat
1524 529 1641 577 (o),

52 603 129 629 non
151 593 271 640 potuit
288 591 389 627 'inter
415 601 537 626 aurem
567 587 780 637 septumque
807 587 918 636 longa
946 600 1035 625 vena
1057 588 1171 636 poni:
1209 597 1336 625 contra
1362 589 1400 624 in
1427 588 1540 625 brutis
1568 589 1644 625 ani-

51 650 203 687 malibus
219 678 230 692 ,
265 650 395 698 quibus
421 648 498 685 solo
514 649 614 697 apice
634 647 876 697 pericardium
902 647 945 684 ad
967 647 1200 696 diaphragma
1231 648 1426 696 pertingit,
1453 646 1532 684 satis
1562 646 1645 684 infi-

50 710 132 758 gnis
149 709 192 746 ab
213 720 258 746 eo
278 707 441 746 musculo
466 707 510 744 ad
536 719 660 745 aurem
685 707 851 744 dextram
873 707 1036 744 distantia
1062 706 1134 748 est,
1172 707 1208 743 ἅν
1236 719 1334 744 venae
1356 718 1449 744 cavae
1474 708 1644 756 proprius

51 779 96 807 eo
117 767 339 818 potiffimum
361 767 448 804 loco
473 766 660 816 pulmonis
687 766 793 804 lobus
817 765 942 814 subjici
967 766 1065 804 solet.
1099 763 1233 803 Eadem
1262 778 1353 803 vena
1384 778 1468 803 cava
1496 766 1646 803 inferior

51 828 235 877 aliquanto
252 856 262 871 ,
294 838 403 875 quam
430 826 610 876 superior,
645 823 802 875 amplIOr
828 825 897 868 est,
932 832 973 863 ut
994 827 1150 863 omnino
1171 825 1336 863 diametri
1361 824 1429 862 fint
1448 827 1486 862 in
1504 827 1645 864 ratione

50 887 163 937 sesqui
187 888 293 925 altera
317 887 408 934 (p).

112 947 343 996 Superiorem
362 958 491 983 venam
513 957 634 984 cavam
656 944 897 983 describemus
919 947 935 991 <
950 957 970 992 q
984 944 1004 992 )
1020 973 1028 987 ‚
1063 957 1134 995 qua
1153 952 1252 995 parte
1263 945 1464 995 pericardio
1480 945 1650 983 contine:

51 1013 119 1045 tur.
154 1004 202 1044 Ea
232 1006 393 1043 inferiori
415 1007 537 1042 minor
554 1033 564 1047 ,
597 1003 688 1041 reeta
713 1003 848 1041 sursum
873 1004 1016 1047 tendit,
1063 1006 1100 1042 &
1127 1005 1258 1054 absque
1285 1009 1392 1042 ramis
1423 1005 1466 1042 ad
1491 1017 1569 1042 eam
1598 1004 1650 1041 se-

53 1066 139 1103 dem
161 1067 261 1102 venit
281 1093 291 1108 ,
326 1066 365 1101 in
390 1077 460 1114 qua
482 1064 723 1113 pericardIum
746 1063 810 1100 fibi
831 1065 995 1100 innatum
1021 1065 1156 1113 recipit.
1192 1063 1422 1102 Rariffimum
1445 1065 1494 1102 est
1508 1093 1517 1108 ‚
1554 1066 1648 1101 intra

53 1124 242 1174 pericardii
270 1136 413 1162 caveam
434 1136 564 1161 venam
584 1122 656 1160 fine
676 1124 753 1171 pari
781 1125 819 1160 in
842 1135 964 1160 cavam
987 1122 1210 1171 superiorem
1237 1123 1270 1160 se
1296 1125 1480 1161 inmittere
1498 1152 1507 1167 ,
1554 1123 1647 1160 vidit

44 1191 175 1233 ,tamen
200 1183 404 1220 Guilielmus
421 1182 452 1221 C
463 1195 488 1219 Η
501 1196 520 1220 E
533 1195 548 1220 s
562 1195 581 1219 E
595 1195 615 1219 L
628 1195 652 1219 D
668 1193 686 1218 Ε
702 1194 723 1217 N
750 1182 766 1226 (
780 1194 800 1218 ν
816 1184 831 1227 )
847 1210 856 1224 ,
892 1183 927 1218 &
949 1183 987 1218 in
1011 1181 1070 1219 sue
1105 1182 1269 1220 Claudius
1296 1183 1467 1221 Nicolaus
1488 1183 1521 1220 le
1537 1182 1568 1220 C
1584 1194 1605 1219 Α
1620 1194 1644 1218 T

55 1243 68 1285 (
85 1255 100 1281 s
113 1245 140 1290 ).
177 1242 221 1281 In
241 1241 339 1279 fimia
359 1242 500 1280 videtur
521 1254 599 1279 eam
620 1241 791 1279 fabricam
806 1241 1014 1291 frequenter
1038 1243 1207 1290 reperiri,
1240 1254 1325 1279 cum
1341 1255 1418 1280 non
1434 1242 1538 1279 aliam
1557 1241 1592 1279 G
1608 1253 1649 1277 A-

54 1315 77 1340 L
92 1314 111 1339 E
126 1315 150 1340 N
167 1315 188 1339 u
202 1315 217 1339 s
242 1302 415 1339 describat
431 1301 479 1349 (t
492 1302 521 1349 ).
554 1299 647 1339 Eum
671 1301 789 1337 virum
803 1329 811 1343 ,
844 1313 908 1350 per
931 1302 1176 1350 experimenta
1196 1303 1233 1338 in
1254 1301 1405 1339 homine
1422 1302 1507 1339 fasta
1519 1330 1528 1344 ‚
1558 1300 1649 1338 doc-

52 1370 110 1400 tus
131 1362 261 1400 refutat
279 1361 346 1398 VE
361 1374 376 1398 s
389 1373 408 1398 A
427 1373 448 1397 L
463 1373 476 1397 1
494 1372 516 1397 u
530 1373 544 1397 s
567 1362 583 1407 (
597 1360 655 1408 u)
670 1389 680 1403 ‚
714 1361 773 1397 cui
800 1360 955 1398 ridiculo
982 1368 1200 1408 argumento
1231 1362 1379 1399 obviam
1404 1363 1469 1400 ivit
1493 1359 1652 1408 jacobus

58 1420 113 1458 Sy
126 1434 147 1458 L
160 1435 182 1458 v
198 1434 210 1458 1
225 1433 248 1458 u
261 1434 275 1458 s
293 1421 353 1469 (x
372 1417 387 1470 )
413 1433 419 1456 z
446 1420 616 1468 longiora
643 1431 778 1468 nempe
804 1419 895 1456 olim
919 1419 1114 1457 hominum
1135 1420 1279 1470 pectora
1300 1420 1400 1459 fuisse
1413 1450 1422 1464 ‚
1446 1433 1555 1471 quam
1573 1421 1653 1469 qui-

59 1479 142 1518 dem
160 1480 284 1517 nostro
301 1492 378 1517 aevo
398 1479 478 1516 sunt
491 1507 500 1521 ‚
537 1479 623 1516 hinc
644 1491 797 1527 azygam
823 1491 953 1516 venam
970 1507 979 1521 ,
1011 1481 1069 1516 cui
1098 1479 1236 1529 semper
1265 1480 1430 1517 eamdem
1450 1480 1651 1528 longitudi-

57 1552 144 1577 nem
174 1538 275 1577 fuisse
298 1537 436 1577 necesse
463 1538 512 1576 est
534 1540 695 1587 recipere
712 1566 722 1581 ,
762 1549 840 1575 non
859 1537 1012 1588 potuisse
1040 1551 1084 1576 eo
1105 1551 1182 1576 aevo
1202 1539 1445 1589 pericardium
1464 1539 1648 1588 superare,

60 1601 114 1637 uti
137 1611 237 1637 nunc
259 1599 408 1648 quidem
432 1600 470 1635 in
492 1599 649 1635 breviori
670 1597 815 1647 pedore
833 1597 981 1647 superat.
1017 1597 1206 1646 Figmenta
1221 1600 1340 1636 acerbi
1361 1599 1451 1636 senis
1475 1597 1537 1637 Eu
1552 1611 1654 1636 STA-

56 1671 77 1696 c
93 1670 117 1695 H
132 1671 144 1695 1
161 1671 184 1695 υ
198 1672 212 1696 s
252 1670 336 1697 cum
367 1657 435 1696 risu
465 1657 668 1707 repudiavit
691 1686 700 1701 ‚
753 1657 917 1696 strenuus
947 1657 1028 1695 alias
1069 1657 1102 1696 G
1115 1670 1137 1695 A
1154 1671 1176 1695 L
1191 1670 1209 1695 E
1222 1670 1248 1695 N
1263 1671 1276 1696 1
1314 1658 1491 1697 defensor.
1535 1656 1654 1696 Etiam

57 1717 131 1756 hoc
156 1730 277 1757 rarum
305 1718 376 1761 est,
411 1730 542 1756 venam
566 1729 688 1756 cavam
712 1717 924 1756 inferiorem
944 1719 1040 1756 circa
1058 1729 1122 1755 cor
1147 1717 1338 1762 inflexam,
1371 1731 1456 1758 cum
1480 1718 1656 1768 superiori

51 1789 136 1816 cava
169 1780 206 1815 in
231 1780 342 1816 imam
366 1784 504 1828 partem
535 1777 702 1816 auriculae
727 1778 861 1816 dextrae
885 1777 920 1815 se
943 1776 1118 1815 inmififfe.
1154 1776 1259 1815 Vidit
1287 1778 1384 1816 idem
1416 1779 1506 1817 olim
1534 1777 1657 1816 Cne-

52 1850 68 1874 s
82 1850 134 1875 ει,
150 1850 243 1877 DEN
259 1851 270 1875 1
287 1851 308 1875 u
322 1851 336 1875 s
361 1839 412 1885 (y
431 1839 458 1884 ).
493 1836 622 1876 Rarius
651 1837 701 1875 est
715 1866 724 1880 ‚
760 1837 846 1876 duas
876 1849 982 1875 venas
1005 1839 1043 1874 in
1068 1848 1165 1886 agno
1197 1850 1262 1875 cor
1282 1837 1421 1877 subiiffe
1455 1839 1558 1885 (z),
1595 1843 1656 1874 aut

54 1896 242 1947 duplicem
263 1897 441 1945 ejusmodi
466 1909 597 1935 venam
613 1898 652 1934 in
671 1896 822 1935 homine
851 1896 952 1936 fuisse
966 1926 976 1940 ‚
1003 1899 1057 1935 uti
1074 1897 1261 1936 obscurius
1279 1896 1305 1936 B
1319 1911 1341 1935 A
1355 1911 1377 1935 R
1391 1910 1414 1934 Τ
1430 1909 1455 1934 1=1
1469 1909 1492 1935 o
1505 1909 1526 1934 L
1540 1909 1551 1933 1
1566 1908 1590 1933 N
1605 1908 1628 1933 υ
1640 1908 1655 1932 s

94 2010 294 2047 (n)R-:<‘‚te
324 2011 616 2042 Monoaonus
644 2010 752 2050 adveffl
780 2018 859 2042 sinat.
892 2013 926 2043 V.
954 2021 1001 2043 22.
1549 1954 1653 2002 (a),

96 2052 216 2090 (o)p
248 2056 316 2090 267.
341 2054 409 2086 268.

96 2105 177 2143 (p)
204 2106 251 2137 Uti
277 2114 323 2135 12.
367 2103 412 2152 353
439 2109 473 2138 ad
495 2115 522 2144 3,
556 2103 601 2151 {g
624 2105 708 2136 sim
726 2115 769 2135 ro
784 2114 826 2136 ιιι
841 2116 861 2134 N
884 2103 986 2145 observ.
1010 2111 1089 2139 anat,
1120 2115 1147 2144 p.
1169 2115 1235 2145 145,

92 2158 170 2198 (q)
194 2159 410 2190 Eusracn.
445 2156 478 2187 T.
508 2158 610 2190 XV.f.
634 2168 660 2188 2.

162 2201 175 2236 )
199 2200 270 2230 Phil.
298 2198 447 2238 Tranfichl.
474 2208 503 2228 n.
533 2208 599 2237 337.

198 2241 314 2279 Histoir.
333 2243 365 2270 de
381 2240 492 2271 l’Acad.
522 2242 593 2276 Roy.
620 2241 665 2269 des
678 2238 781 2279 selenc.
814 2244 901 2279 1738·
932 2239 989 2270 obs.
1026 2242 1052 2270 6.
1081 2249 1107 2278 7.

199 2281 366 2318 Administr.
397 2288 476 2310 anat.
505 2280 538 2311 L.
562 2280 625 2311 Vll.
647 2291 671 2312 c.
697 2292 725 2318 9.

198 2322 229 2351 L.
254 2321 305 2352 111.
334 2333 359 2352 c.
387 2331 415 2359 7.

200 2362 234 2432 {n
263 2363 410 2392 calumnia
434 2371 478 2400 17.
503 2361 656 2400 depuffione
684 2372 712 2401 p.
745 2372 812 2399 144.

215 2427 220 2433 .
248 2413 272 2434 c.

202 2443 223 2474 B
237 2455 256 2474 A
270 2454 288 2474 a
306 2453 326 2474 'r
341 2454 362 2474 H
377 2454 424 2474 ox„
437 2455 447 2473 1
465 2454 485 2474 N
514 2444 605 2483 histor.
632 2450 681 2481 84.
705 2447 783 2475 Cent.
807 2444 844 2475 Π.

158 2242 179 2482 υψψψυυ
