2003 2748
373 138 1344 179 SEC'T.III.CORDISFABRICA.
1580 149 1655 187 361

122 234 178 273 Ab
201 247 244 273 eo
261 247 359 273 nunc
371 233 542 283 gangho,
567 247 631 272 ave
652 219 839 284 profundo
855 235 1073 273 intercostali
1087 242 1242 279 trunco,
1273 237 1336 284 qui
1351 235 1388 273 id
1401 235 1578 284 ganglion
1590 237 1663 274 for-

63 302 159 337 mat,
195 295 386 333 nascuntur
411 297 516 331 nervi
539 294 652 331 cordis
676 293 788 341 infimi
806 323 816 337 ,
851 293 1060 343 mollesque.
1098 293 1235 333 Eorum
1267 295 1398 344 aliqui,
1431 306 1515 333 cum
1545 308 1664 334 recur-

63 357 174 391 rentis
197 355 233 391 ἃ
256 357 335 403 vagi
354 366 455 390 nervi
474 355 580 390 ramis
607 354 757 395 irretiti,
802 353 1054 402 pulmonalem
1083 356 1248 391 arteriam
1277 367 1479 404 venamque
1509 354 1664 404 sequun-

65 420 144 455 tur,
181 415 325 462 exigui‚
360 413 546 462 pulmonis
571 413 766 450 anteriores
789 412 938 450 nervuli.
979 413 1144 462 Plerique
1167 425 1253 451 vero
1287 414 1464 451 accedunt
1486 414 1530 451 ad
1554 415 1664 453 broii-

64 471 198 515 chum,
241 484 397 521 cunique
427 474 544 509 nervis
577 483 594 508 a
620 472 770 520 ganglio
804 471 969 510 cervicali
1009 472 1133 509 medio
1163 473 1235 520 jain
1265 472 1426 511 deduftis
1457 475 1633 512 uniuntur
1651 504 1661 518 ,

64 532 176 580 inque
199 533 399 580 praecipuos
414 543 545 568 nervos
565 530 684 567 cordis
698 559 707 572 ,
739 543 855 568 unum
877 531 1075 569 alterumve
1092 532 1251 575 abeunt,
1284 534 1347 582 qui
1374 534 1390 579 (
1405 530 1461 582 x)
1488 533 1661 582 plexum,

65 602 149 628 cum
165 591 315 627 cardiaci
330 591 502 639 principis
531 590 793 639 propaginibus
810 619 819 633 ‚
851 592 888 627 in
900 590 1026 640 asperae
1037 593 1170 629 arteriae
1185 604 1287 629 ramo
1299 591 1436 629 finistro
1448 621 1457 634 ,
1480 602 1541 630 aut
1554 593 1665 642 paulo

63 649 222 698 superius
250 648 293 686 ad
310 648 513 687 dexteriora
531 648 690 686 arteriofi
713 649 838 688 duetus
864 650 1113 693 constituunt,
1147 663 1253 700 aquo
1272 652 1421 689 nervi&
1443 651 1562 690 dextri
1584 664 1666 691 cor-

63 707 117 745 dis
137 720 270 758 porro,
312 710 366 746 uti
396 709 471 745 dixi
490 738 499 751 ‚
540 710 730 752 oriuntur,
765 710 801 746 ἃ
823 708 949 747 sinistri
969 709 1079 759 aliqui
1098 738 1108 753 ,
1146 710 1297 759 perinde
1318 712 1424 748 citati.

126 766 267 816 Sinistri
286 768 402 805 lateris
424 770 526 806 nervi
552 768 764 806 dextrorum
791 768 869 806 satis
890 768 1019 806 ssmiles
1046 769 1137 808 sunt.
1167 769 1386 820 Supremum
1415 771 1664 810 cardiacorum

62 826 123 864 hic
143 839 220 864 non
245 827 317 864 vidi
348 826 502 865 defuisse.
540 826 624 874 Ejus
654 827 775 864 fimilis
795 828 940 865 historia
971 829 1043 871 est,
1094 829 1239 878 qualem
1263 831 1300 866 in
1324 830 1454 868 dextro
1475 830 1581 868 latere
1603 832 1666 869 de-

63 885 189 935 scripsi.
221 886 354 924 Partim
374 899 506 936 nempe
524 888 561 923 in
577 895 685 924 aortae
700 886 885 936 superficie
902 894 1024 924 manet
1044 888 1079 924 ἃ
1103 888 1327 926 consumitur
1342 889 1396 936 (y
1412 887 1438 938 )
1474 888 1576 927 Parte
1600 891 1666 928 alia

63 946 260 983 dexteriori
275 946 360 983 loco
376 975 385 989 ,
421 959 505 984 cum
524 948 631 983 ramis
652 945 786 983 dextris
807 947 931 984 mistus
944 975 953 989 ‚
977 953 1059 984 ante
1076 954 1214 985 aortam
1236 949 1449 997 primarium
1467 952 1667 987 coronariae

62 1004 205 1043 sinistrae
219 1017 360 1043 ramum
381 1005 453 1042 adit
480 1005 577 1052 (z),
603 1006 639 1042 ἃ
664 1005 708 1043 ad
727 1017 791 1043 cor
814 1018 899 1044 cuni
917 1018 961 1043 eo
979 1018 1043 1055 per
1064 1005 1204 1055 septum
1230 1007 1403 1045 dividitur
1417 1035 1426 1049 ‚
1452 1020 1537 1046 cuin
1559 1011 1668 1046 ramis

62 1065 190 1113 plexus
210 1066 382 1114 principis
398 1065 517 1102 cordis
535 1066 679 1110 unitus3
697 1065 832 1102 dextrae
850 1067 956 1102 etiam
974 1067 1171 1102 coronariae
1189 1074 1360 1105 truncum
1381 1067 1557 1114 majorem
1583 1069 1668 1106 alias

62 1124 213 1172 perinde
240 1123 406 1173 sequitur.
442 1124 587 1173 Reliqui
613 1123 744 1162 surculi
765 1126 858 1162 circa
888 1124 1036 1162 duc'tum
1070 1125 1280 1164 arteriosum
1309 1126 1342 1165 se
1371 1128 1408 1165 in
1439 1128 1560 1165 cardis
1590 1128 1669 1178 ple-¹

61 1194 151 1219 xum
180 1185 356 1228 majorem
381 1183 598 1232 demergunt
625 1185 677 1229 (a
695 1183 726 1231 ).

121 1243 191 1278 Alii
218 1254 351 1291 nempe
374 1244 476 1279 nervi
501 1254 518 1279 a
546 1241 697 1290 ganglio
721 1241 916 1292 supremo,
955 1255 973 1280 a
1010 1243 1135 1280 medio
1153 1271 1162 1286 ‚
1198 1245 1233 1281 &
1263 1246 1306 1282 ab
1328 1246 1404 1284 imo
1434 1248 1527 1289 nati,
1566 1256 1667 1284 retro

16 1330 17 1335 ,
61 1307 198 1339 aortam
223 1301 479 1345 advenientes,
517 1301 766 1339 cardiacorum
792 1303 997 1352 principes,
1035 1311 1254 1352 conponunt
1281 1304 1432 1353 plexum
1461 1305 1667 1344 cardiacum

61 1372 237 1410 magnum
262 1360 315 1408 (h
333 1361 353 1409 )
370 1390 379 1404 ,
422 1362 460 1397 in
484 1360 668 1410 superficie
695 1363 866 1398 anteriori
892 1363 982 1398 rami
1005 1360 1131 1399 sinistri
1156 1365 1290 1400 arteriae
1320 1364 1447 1413 asperae
1476 1363 1635 1414 positum
1652 1395 1664 1409 ,

62 1428 160 1457 retro
189 1427 326 1457 aortam
342 1448 351 1462 ,
391 1419 492 1469 supra
518 1419 768 1469 pulmonalem
789 1422 952 1458 arteriam
971 1450 980 1463 ,
1015 1421 1059 1458 ad
1093 1422 1297 1459 dexteriora
1327 1423 1452 1461 duclus
1478 1424 1636 1462 arteriosi
1652 1454 1663 1467 ,

62 1492 140 1517 non
171 1478 244 1516 fine
266 1479 422 1516 admistis
447 1479 565 1517 dextri
585 1479 702 1516 lateris
730 1482 836 1517 ramis
854 1510 863 1523 ,
894 1492 986 1529 quos
1011 1482 1200 1518 citavimus
1226 1482 1320 1529 (c).
1364 1483 1419 1520 Ab
1453 1496 1498 1521 eo
1524 1484 1636 1533 plexu
1652 1513 1663 1526 ,

61 1545 239 1588 perpetuo
255 1567 264 1581 ‚
292 1538 406 1576 tribus
427 1540 616 1576 itineribus
631 1540 733 1575 nervi
748 1539 867 1576 cordis
883 1539 927 1576 ad
944 1539 1025 1576 suos
1041 1540 1234 1577 destinatos
1250 1540 1337 1578 fines
1358 1551 1525 1590 pergunt.
1560 1542 1669 1580 Unus

60 1597 193 1648 alterve
216 1598 251 1635 &
272 1606 369 1635 retro
387 1599 550 1635 arteriam
566 1597 816 1647 pulnionalem
832 1627 842 1641 ,
880 1599 916 1635 δι
941 1607 1023 1635 ante
1048 1611 1126 1636 eam
1148 1599 1314 1642 advenit,
1335 1601 1378 1637 ad
1405 1614 1537 1639 nervos
1559 1614 1669 1640 coro-

60 1659 167 1695 nariae
186 1656 319 1694 dextrae
342 1657 459 1695 socios
479 1686 488 1701 ,
529 1669 687 1706 cumque
707 1659 749 1694 iis
770 1658 895 1695 mistus
918 1670 983 1695 cor
1012 1657 1180 1696 dextrum
1208 1658 1290 1696 adit.
1336 1658 1486 1710 Aliqui,
1518 1661 1668 1710 reliquis

60 1718 215 1764 majores
232 1746 242 1760 ‚
277 1716 453 1755 incedunt
479 1725 577 1754 retro
603 1724 741 1755 aortam
757 1745 766 1759 ,
802 1717 920 1755 dextri
947 1717 1064 1754 lateris
1085 1719 1192 1754 ramis
1210 1725 1308 1755 retro
1340 1720 1504 1757 eamdem
1532 1722 1668 1770 princi-

60 1788 146 1825 pem
170 1778 333 1813 arteriam
362 1776 636 1814 advenientibus
667 1776 766 1814 austi.
803 1775 852 1814 Hi
881 1776 984 1819 sunt,
1027 1789 1120 1825 quos
1150 1779 1244 1814 inter
1275 1784 1466 1828 utramque
1496 1792 1668 1828 magnam

60 1837 222 1873 arteriam
257 1837 453 1884 comprimi
476 1848 553 1873 non
582 1836 630 1872 est
650 1837 793 1884 penitus
819 1836 1081 1897 improbabile.
1096 1835 1232 1873 Eorum
1263 1849 1363 1875 nunc
1391 1839 1527 1887 aliqui,
1570 1846 1667 1875 trans

61 1903 168 1960 {ortae
195 1894 443 1943 superficiem,
477 1894 520 1932 ad
539 1896 765 1932 coronariam
789 1894 953 1932 dextram
984 1877 1150 1932 arteriam
1173 1897 1354 1939 veniunt,
1391 1897 1566 1945 implicati
1581 1909 1668 1935 cum

123 1965 262 2001 ,quos
287 1965 325 1989 ea
352 1955 408 1989 via
427 1953 594 1990 incedere
618 1955 797 1990 continuo
824 1951 1032 2002 scripsimus.
1069 1953 1233 2002 Plerique
1257 1966 1343 1991 vero
1368 1955 1412 1992 ad
1437 1958 1666 1994 coronariam

60 1965 223 2048 arteriam
255 2010 424 2048 sinistram
451 2011 630 2052 tendunt,
665 2023 851 2059 porroque
875 2013 949 2058 ejus
978 2014 1112 2049 arteriae
1141 2013 1360 2050 anteriorem
1386 2026 1527 2052 ramum
1551 2017 1667 2053 comi-

60 2078 205 2113 tantur,
246 2070 446 2119 faciemque
472 2070 590 2107 cordis
616 2068 839 2118 superiorem
862 2071 1020 2107 adeunt:
1063 2070 1121 2108 alii
1153 2083 1238 2108 cuni
1267 2084 1368 2109 ramo
1393 2074 1585 2122 posteriori
1620 2075 1666 2112 ad

59 2129 186 2167 faciem
213 2129 333 2166 cordis
355 2141 499 2171 cavam,
532 2130 567 2166 ὃς
592 2128 787 2166 auriculam
814 2128 1005 2172 sinistram,
1033 2129 1215 2167 numerosi
1240 2130 1396 2169 tendunt
1412 2161 1421 2175 ,
1450 2134 1551 2180 cujus
1574 2134 1666 2170 radi-

61 2200 140 2226 cem
165 2188 302 2237 legunt.
336 2187 408 2226 Alii
429 2200 570 2230 ramos,
614 2199 700 2226 cum
719 2188 845 2226 octavo
870 2200 953 2238 pare
975 2188 1100 2226 mistos
1118 2218 1127 2233 ,
1164 2189 1207 2226 ad
1228 2192 1450 2229 anteriorem
1478 2192 1665 2242 pulmonis

1614 2251 1664 2298 far}

103 2360 272 2398 (x)1bid.
293 2360 339 2391 26.
364 2371 410 2401 27.
929 2362 1002 2399 (a)
1032 2363 1076 2393 16.

101 2402 182 2438 (y)
206 2401 277 2433 Ibid.
308 2410 354 2434 21.
386 2412 432 2435 22.
458 2412 504 2443 23.
928 2405 1077 2441 (Ζιχζη.
1104 2412 1154 2440 ¹3·
1182 2414 1226 2443 ¹4·
1257 2416 1301 2445 ις,
1329 2413 1373 2444 :8-
1401 2408 1452 2440 &a

102 2443 179 2478 (z)
202 2452 248 2479 24-
928 2444 1073 2484 (c)-26·
1104 2453 1153 2482 27·

118 2485 246 2535 Haller
262 2487 450 2539 Phyfiolog.
486 2489 595 2530 Toni.
631 2489 656 2529 Ι.
1279 2493 1311 2531 Ζ
1345 2507 1366 2531 Ζ
