<?xml version="1.0" encoding="UTF-8"?>
<!DOCTYPE html PUBLIC "-//W3C//DTD XHTML 1.0 Transitional//EN"
    "http://www.w3.org/TR/xhtml1/DTD/xhtml1-transitional.dtd">
<html xmlns="http://www.w3.org/1999/xhtml" xml:lang="en" lang="en">
 <head>
  <title>
</title>
<meta http-equiv="Content-Type" content="text/html;charset=utf-8" />
  <meta name='ocr-system' content='tesseract 3.04.00' />
  <meta name='ocr-capabilities' content='ocr_page ocr_carea ocr_par ocr_line ocrx_word'/>
</head>
<body>
  <div class='ocr_page' id='page_1' title='image "./elementaphysiolo01hall_0313.png"; bbox 0 0 2003 2748; ppageno 0'>
   <div class='ocr_carea' id='block_1_1' title="bbox 387 142 1660 192">
    <p class='ocr_par' dir='ltr' id='par_1_1' title="bbox 387 142 1660 192">
     <span class='ocr_line' id='line_1_1' title="bbox 387 142 1660 192; baseline -0.005 -3"><span class='ocrx_word' id='word_1_1' title='bbox 387 142 1345 190; x_wconf 65' lang='lat' dir='ltr'>SECTLVELAMENTA‘.</span> <span class='ocrx_word' id='word_1_2' title='bbox 1577 151 1660 192; x_wconf 88' lang='lat'>287</span> 
     </span>
    </p>
   </div>
   <div class='ocr_carea' id='block_1_2' title="bbox 48 241 1672 1723">
    <p class='ocr_par' dir='ltr' id='par_1_2' title="bbox 48 241 1672 1723">
     <span class='ocr_line' id='line_1_2' title="bbox 57 241 1656 295; baseline -0.006 -8"><span class='ocrx_word' id='word_1_3' title='bbox 57 244 225 287; x_wconf 58' lang='lat' dir='ltr'>tenuiora</span> <span class='ocrx_word' id='word_1_4' title='bbox 247 245 316 283; x_wconf 75' lang='lat' dir='ltr'>tela</span> <span class='ocrx_word' id='word_1_5' title='bbox 331 274 341 288; x_wconf 85' lang='lat'><strong>,</strong></span> <span class='ocrx_word' id='word_1_6' title='bbox 377 245 502 284; x_wconf 84' lang='lat' dir='ltr'>vitiosa</span> <span class='ocrx_word' id='word_1_7' title='bbox 517 274 526 289; x_wconf 92' lang='lat'><strong>,</strong></span> <span class='ocrx_word' id='word_1_8' title='bbox 571 257 650 295; x_wconf 66' lang='lat' dir='ltr'>quae</span> <span class='ocrx_word' id='word_1_9' title='bbox 681 249 743 282; x_wconf 85' lang='lat' dir='ltr'>aut</span> <span class='ocrx_word' id='word_1_10' title='bbox 768 243 925 293; x_wconf 67' lang='lat' dir='ltr'>anquam</span> <span class='ocrx_word' id='word_1_11' title='bbox 947 250 1084 293; x_wconf 85' lang='lat' dir='ltr'>partem</span> <span class='ocrx_word' id='word_1_12' title='bbox 1109 243 1300 292; x_wconf 86' lang='lat' dir='ltr'>pericardii</span> <span class='ocrx_word' id='word_1_13' title='bbox 1325 241 1369 279; x_wconf 88' lang='lat' dir='ltr'>ad</span> <span class='ocrx_word' id='word_1_14' title='bbox 1392 253 1456 279; x_wconf 89' lang='lat' dir='ltr'>cor</span> <span class='ocrx_word' id='word_1_15' title='bbox 1480 242 1656 285; x_wconf 76' lang='lat' dir='ltr'><strong>revincit,</strong></span> 
     </span>
     <span class='ocr_line' id='line_1_3' title="bbox 73 302 1661 352; baseline -0.005 -8"><span class='ocrx_word' id='word_1_16' title='bbox 73 315 136 345; x_wconf 86' lang='lat' dir='ltr'>aut</span> <span class='ocrx_word' id='word_1_17' title='bbox 159 307 314 344; x_wconf 88' lang='lat' dir='ltr'>omnino</span> <span class='ocrx_word' id='word_1_18' title='bbox 336 313 457 343; x_wconf 86' lang='lat' dir='ltr'>totum</span> <span class='ocrx_word' id='word_1_19' title='bbox 487 317 570 343; x_wconf 88' lang='lat' dir='ltr'>cum</span> <span class='ocrx_word' id='word_1_20' title='bbox 596 304 707 342; x_wconf 83' lang='lat' dir='ltr'>corde</span> <span class='ocrx_word' id='word_1_21' title='bbox 734 304 974 352; x_wconf 85' lang='lat' dir='ltr'>pericardium</span> <span class='ocrx_word' id='word_1_22' title='bbox 994 306 1081 340; x_wconf 83' lang='lat' dir='ltr'>unit.</span> <span class='ocrx_word' id='word_1_23' title='bbox 1119 303 1242 340; x_wconf 79' lang='lat' dir='ltr'>Simile</span> <span class='ocrx_word' id='word_1_24' title='bbox 1272 302 1406 352; x_wconf 87' lang='lat' dir='ltr'>aliquid</span> <span class='ocrx_word' id='word_1_25' title='bbox 1437 303 1475 338; x_wconf 86' lang='lat' dir='ltr'>in</span> <span class='ocrx_word' id='word_1_26' title='bbox 1501 302 1661 339; x_wconf 84' lang='lat' dir='ltr'>nonnul-</span> 
     </span>
     <span class='ocr_line' id='line_1_4' title="bbox 74 355 1660 410; baseline -0.003 -7"><span class='ocrx_word' id='word_1_27' title='bbox 74 365 117 403; x_wconf 87' lang='lat' dir='ltr'>lis</span> <span class='ocrx_word' id='word_1_28' title='bbox 147 355 357 403; x_wconf 81' lang='lat' dir='ltr'>animalibus</span> <span class='ocrx_word' id='word_1_29' title='bbox 383 373 506 402; x_wconf 87' lang='lat' dir='ltr'>natura</span> <span class='ocrx_word' id='word_1_30' title='bbox 532 364 642 405; x_wconf 83' lang='lat' dir='ltr'>fecit,</span> <span class='ocrx_word' id='word_1_31' title='bbox 687 364 844 399; x_wconf 80' lang='lat' dir='ltr'>maxime</span> <span class='ocrx_word' id='word_1_32' title='bbox 869 362 1081 399; x_wconf 81' lang='lat' dir='ltr'>animalibus</span> <span class='ocrx_word' id='word_1_33' title='bbox 1109 362 1229 410; x_wconf 81' lang='lat' dir='ltr'>frigidi</span> <span class='ocrx_word' id='word_1_34' title='bbox 1249 362 1455 410; x_wconf 75' lang='lat' dir='ltr'>sanguinis:</span> <span class='ocrx_word' id='word_1_35' title='bbox 1487 369 1526 399; x_wconf 87' lang='lat' dir='ltr'>ut</span> <span class='ocrx_word' id='word_1_36' title='bbox 1545 365 1582 399; x_wconf 87' lang='lat' dir='ltr'>in</span> <span class='ocrx_word' id='word_1_37' title='bbox 1599 374 1660 398; x_wconf 86' lang='lat' dir='ltr'>an-</span> 
     </span>
     <span class='ocr_line' id='line_1_5' title="bbox 74 421 1660 473; baseline -0.003 -11"><span class='ocrx_word' id='word_1_38' title='bbox 74 425 185 473; x_wconf 83' lang='lat' dir='ltr'>guilla</span> <span class='ocrx_word' id='word_1_39' title='bbox 216 425 270 472; x_wconf 79' lang='lat' dir='ltr'>[z</span> <span class='ocrx_word' id='word_1_40' title='bbox 286 426 301 472; x_wconf 92' lang='lat'>]</span> <span class='ocrx_word' id='word_1_41' title='bbox 320 453 329 467; x_wconf 77' lang='lat'>‚</span> <span class='ocrx_word' id='word_1_42' title='bbox 368 436 442 473; x_wconf 89' lang='lat' dir='ltr'>quo</span> <span class='ocrx_word' id='word_1_43' title='bbox 467 425 503 460; x_wconf 91' lang='lat' dir='ltr'>in</span> <span class='ocrx_word' id='word_1_44' title='bbox 531 422 624 472; x_wconf 87' lang='lat' dir='ltr'>pisce</span> <span class='ocrx_word' id='word_1_45' title='bbox 649 421 720 470; x_wconf 78' lang='lat' dir='ltr'>ipse</span> <span class='ocrx_word' id='word_1_46' title='bbox 751 434 829 459; x_wconf 81' lang='lat' dir='ltr'>eam</span> <span class='ocrx_word' id='word_1_47' title='bbox 853 422 1022 459; x_wconf 77' lang='lat' dir='ltr'>fabricam</span> <span class='ocrx_word' id='word_1_48' title='bbox 1052 422 1152 464; x_wconf 86' lang='lat' dir='ltr'>vidi,</span> <span class='ocrx_word' id='word_1_49' title='bbox 1198 424 1235 458; x_wconf 87' lang='lat' dir='ltr'>in</span> <span class='ocrx_word' id='word_1_50' title='bbox 1265 422 1441 459; x_wconf 76' lang='lat' dir='ltr'>testudine</span> <span class='ocrx_word' id='word_1_51' title='bbox 1467 423 1521 462; x_wconf 79' lang='lat' dir='ltr'>(a</span> <span class='ocrx_word' id='word_1_52' title='bbox 1537 422 1557 468; x_wconf 81' lang='lat'>)</span> <span class='ocrx_word' id='word_1_53' title='bbox 1575 450 1584 464; x_wconf 89' lang='lat'>‚</span> <span class='ocrx_word' id='word_1_54' title='bbox 1623 422 1660 458; x_wconf 71' lang='lat' dir='ltr'>&amp;c</span> 
     </span>
     <span class='ocr_line' id='line_1_6' title="bbox 74 480 1656 531; baseline -0.003 -9"><span class='ocrx_word' id='word_1_55' title='bbox 74 485 113 522; x_wconf 87' lang='lat' dir='ltr'>in</span> <span class='ocrx_word' id='word_1_56' title='bbox 128 485 253 522; x_wconf 87' lang='lat' dir='ltr'>limace</span> <span class='ocrx_word' id='word_1_57' title='bbox 274 483 356 531; x_wconf 79' lang='lat' dir='ltr'>(b)</span> <span class='ocrx_word' id='word_1_58' title='bbox 389 495 434 520; x_wconf 76' lang='lat' dir='ltr'>ex</span> <span class='ocrx_word' id='word_1_59' title='bbox 453 483 633 519; x_wconf 84' lang='lat' dir='ltr'>vermium</span> <span class='ocrx_word' id='word_1_60' title='bbox 662 493 816 529; x_wconf 83' lang='lat' dir='ltr'>genere,</span> <span class='ocrx_word' id='word_1_61' title='bbox 862 482 897 518; x_wconf 88' lang='lat'>&amp;</span> <span class='ocrx_word' id='word_1_62' title='bbox 925 481 950 518; x_wconf 91' lang='lat' dir='ltr'><strong>fi</strong></span> <span class='ocrx_word' id='word_1_63' title='bbox 975 480 1062 518; x_wconf 86' lang='lat' dir='ltr'>fides</span> <span class='ocrx_word' id='word_1_64' title='bbox 1089 481 1189 518; x_wconf 85' lang='lat' dir='ltr'>claris</span> <span class='ocrx_word' id='word_1_65' title='bbox 1220 483 1302 518; x_wconf 82' lang='lat' dir='ltr'>viris</span> <span class='ocrx_word' id='word_1_66' title='bbox 1330 482 1491 518; x_wconf 81' lang='lat' dir='ltr'>adhiberi</span> <span class='ocrx_word' id='word_1_67' title='bbox 1517 481 1656 529; x_wconf 84' lang='lat' dir='ltr'>potest,</span> 
     </span>
     <span class='ocr_line' id='line_1_7' title="bbox 72 540 1659 587; baseline -0.001 -7"><span class='ocrx_word' id='word_1_68' title='bbox 72 545 229 580; x_wconf 90' lang='lat' dir='ltr'>omnino</span> <span class='ocrx_word' id='word_1_69' title='bbox 265 544 302 578; x_wconf 88' lang='lat' dir='ltr'>in</span> <span class='ocrx_word' id='word_1_70' title='bbox 330 554 393 579; x_wconf 89' lang='lat' dir='ltr'>ave</span> <span class='ocrx_word' id='word_1_71' title='bbox 422 543 528 578; x_wconf 90' lang='lat' dir='ltr'>etiam</span> <span class='ocrx_word' id='word_1_72' title='bbox 553 541 749 579; x_wconf 84' lang='lat' dir='ltr'>Numidica</span> <span class='ocrx_word' id='word_1_73' title='bbox 772 541 876 587; x_wconf 85' lang='lat' dir='ltr'>(c):</span> <span class='ocrx_word' id='word_1_74' title='bbox 915 540 970 577; x_wconf 84' lang='lat' dir='ltr'>his</span> <span class='ocrx_word' id='word_1_75' title='bbox 1003 543 1099 578; x_wconf 89' lang='lat' dir='ltr'>enim</span> <span class='ocrx_word' id='word_1_76' title='bbox 1124 541 1338 577; x_wconf 74' lang='lat' dir='ltr'>animalibus</span> <span class='ocrx_word' id='word_1_77' title='bbox 1363 542 1517 578; x_wconf 87' lang='lat' dir='ltr'>omnino</span> <span class='ocrx_word' id='word_1_78' title='bbox 1540 541 1659 578; x_wconf 85' lang='lat' dir='ltr'>vascu-</span> 
     </span>
     <span class='ocr_line' id='line_1_8' title="bbox 73 600 1659 650; baseline -0.001 -10"><span class='ocrx_word' id='word_1_79' title='bbox 73 602 127 645; x_wconf 85' lang='lat' dir='ltr'>la,</span> <span class='ocrx_word' id='word_1_80' title='bbox 165 609 206 640; x_wconf 90' lang='lat' dir='ltr'>ut</span> <span class='ocrx_word' id='word_1_81' title='bbox 229 603 267 639; x_wconf 88' lang='lat' dir='ltr'>in</span> <span class='ocrx_word' id='word_1_82' title='bbox 293 603 381 638; x_wconf 89' lang='lat' dir='ltr'>meis</span> <span class='ocrx_word' id='word_1_83' title='bbox 400 601 654 650; x_wconf 82' lang='lat' dir='ltr'>experimentis</span> <span class='ocrx_word' id='word_1_84' title='bbox 669 628 678 643; x_wconf 88' lang='lat'>‚</span> <span class='ocrx_word' id='word_1_85' title='bbox 712 600 952 649; x_wconf 83' lang='lat' dir='ltr'>pericardium</span> <span class='ocrx_word' id='word_1_86' title='bbox 974 613 1060 638; x_wconf 90' lang='lat' dir='ltr'>cum</span> <span class='ocrx_word' id='word_1_87' title='bbox 1080 601 1191 638; x_wconf 85' lang='lat' dir='ltr'>corde</span> <span class='ocrx_word' id='word_1_88' title='bbox 1206 602 1338 638; x_wconf 87' lang='lat' dir='ltr'>uniunt</span> <span class='ocrx_word' id='word_1_89' title='bbox 1352 629 1361 643; x_wconf 90' lang='lat'>‚</span> <span class='ocrx_word' id='word_1_90' title='bbox 1396 609 1434 637; x_wconf 89' lang='lat' dir='ltr'>ut</span> <span class='ocrx_word' id='word_1_91' title='bbox 1454 600 1555 637; x_wconf 86' lang='lat' dir='ltr'>nullo</span> <span class='ocrx_word' id='word_1_92' title='bbox 1578 613 1659 638; x_wconf 75' lang='lat' dir='ltr'>mo-</span> 
     </span>
     <span class='ocr_line' id='line_1_9' title="bbox 72 659 1659 710; baseline -0.001 -12"><span class='ocrx_word' id='word_1_93' title='bbox 72 661 122 698; x_wconf 87' lang='lat' dir='ltr'>do</span> <span class='ocrx_word' id='word_1_94' title='bbox 145 672 209 698; x_wconf 91' lang='lat' dir='ltr'>cor</span> <span class='ocrx_word' id='word_1_95' title='bbox 248 660 382 698; x_wconf 87' lang='lat' dir='ltr'>nudare</span> <span class='ocrx_word' id='word_1_96' title='bbox 404 673 532 709; x_wconf 82' lang='lat' dir='ltr'>queas,</span> <span class='ocrx_word' id='word_1_97' title='bbox 571 661 661 710; x_wconf 89' lang='lat' dir='ltr'>quin</span> <span class='ocrx_word' id='word_1_98' title='bbox 687 671 815 707; x_wconf 83' lang='lat' dir='ltr'>magna</span> <span class='ocrx_word' id='word_1_99' title='bbox 840 662 944 709; x_wconf 85' lang='lat' dir='ltr'>copia</span> <span class='ocrx_word' id='word_1_100' title='bbox 960 659 1101 709; x_wconf 81' lang='lat' dir='ltr'>sanguis</span> <span class='ocrx_word' id='word_1_101' title='bbox 1121 660 1335 698; x_wconf 79' lang='lat' dir='ltr'>effundatur.</span> <span class='ocrx_word' id='word_1_102' title='bbox 1374 659 1442 696; x_wconf 82' lang='lat' dir='ltr'>Sed</span> <span class='ocrx_word' id='word_1_103' title='bbox 1466 662 1573 697; x_wconf 79' lang='lat' dir='ltr'>etiam</span> <span class='ocrx_word' id='word_1_104' title='bbox 1592 660 1659 698; x_wconf 82' lang='lat' dir='ltr'>lio-</span> 
     </span>
     <span class='ocr_line' id='line_1_10' title="bbox 71 719 1672 770; baseline -0.001 -12"><span class='ocrx_word' id='word_1_105' title='bbox 71 721 162 758; x_wconf 85' lang='lat' dir='ltr'>mini</span> <span class='ocrx_word' id='word_1_106' title='bbox 193 727 317 758; x_wconf 85' lang='lat' dir='ltr'>natura</span> <span class='ocrx_word' id='word_1_107' title='bbox 347 720 497 770; x_wconf 89' lang='lat' dir='ltr'>quidem</span> <span class='ocrx_word' id='word_1_108' title='bbox 528 732 547 756; x_wconf 90' lang='lat' dir='ltr'>a</span> <span class='ocrx_word' id='word_1_109' title='bbox 572 719 772 768; x_wconf 86' lang='lat' dir='ltr'>pericardio</span> <span class='ocrx_word' id='word_1_110' title='bbox 802 732 866 757; x_wconf 88' lang='lat' dir='ltr'>cor</span> <span class='ocrx_word' id='word_1_111' title='bbox 892 720 1079 763; x_wconf 82' lang='lat' dir='ltr'>liberavit,</span> <span class='ocrx_word' id='word_1_112' title='bbox 1117 732 1162 757; x_wconf 85' lang='lat' dir='ltr'>ex</span> <span class='ocrx_word' id='word_1_113' title='bbox 1190 721 1324 757; x_wconf 89' lang='lat' dir='ltr'>morbo</span> <span class='ocrx_word' id='word_1_114' title='bbox 1346 727 1466 756; x_wconf 85' lang='lat' dir='ltr'>tamen</span> <span class='ocrx_word' id='word_1_115' title='bbox 1489 720 1672 769; x_wconf 80' lang='lat' dir='ltr'>frequen-¹</span> 
     </span>
     <span class='ocr_line' id='line_1_11' title="bbox 70 779 1659 828; baseline 0.001 -12"><span class='ocrx_word' id='word_1_116' title='bbox 70 780 118 819; x_wconf 79' lang='lat' dir='ltr'>tia</span> <span class='ocrx_word' id='word_1_117' title='bbox 138 780 281 817; x_wconf 85' lang='lat' dir='ltr'>vincula</span> <span class='ocrx_word' id='word_1_118' title='bbox 305 792 383 817; x_wconf 90' lang='lat' dir='ltr'>non</span> <span class='ocrx_word' id='word_1_119' title='bbox 405 791 483 816; x_wconf 89' lang='lat' dir='ltr'>raro</span> <span class='ocrx_word' id='word_1_120' title='bbox 505 779 697 816; x_wconf 84' lang='lat' dir='ltr'>nascuntur</span> <span class='ocrx_word' id='word_1_121' title='bbox 716 807 725 821; x_wconf 91' lang='lat'>‚</span> <span class='ocrx_word' id='word_1_122' title='bbox 765 791 844 828; x_wconf 85' lang='lat' dir='ltr'>quae</span> <span class='ocrx_word' id='word_1_123' title='bbox 868 792 916 816; x_wconf 79' lang='lat' dir='ltr'>ex</span> <span class='ocrx_word' id='word_1_124' title='bbox 941 780 1061 817; x_wconf 88' lang='lat' dir='ltr'>cordis</span> <span class='ocrx_word' id='word_1_125' title='bbox 1090 780 1296 817; x_wconf 82' lang='lat' dir='ltr'>velamento</span> <span class='ocrx_word' id='word_1_126' title='bbox 1330 779 1582 822; x_wconf 83' lang='lat' dir='ltr'>efflorescunt,</span> <span class='ocrx_word' id='word_1_127' title='bbox 1621 781 1659 817; x_wconf 70' lang='lat' dir='ltr'>Sc</span> 
     </span>
     <span class='ocr_line' id='line_1_12' title="bbox 70 837 1659 888; baseline 0.001 -13"><span class='ocrx_word' id='word_1_128' title='bbox 70 839 108 875; x_wconf 89' lang='lat' dir='ltr'>in</span> <span class='ocrx_word' id='word_1_129' title='bbox 130 839 369 888; x_wconf 84' lang='lat' dir='ltr'>pericardium</span> <span class='ocrx_word' id='word_1_130' title='bbox 392 839 425 876; x_wconf 88' lang='lat' dir='ltr'>se</span> <span class='ocrx_word' id='word_1_131' title='bbox 451 840 649 876; x_wconf 84' lang='lat' dir='ltr'>inmittunt.</span> <span class='ocrx_word' id='word_1_132' title='bbox 686 837 744 875; x_wconf 90' lang='lat' dir='ltr'>Bis</span> <span class='ocrx_word' id='word_1_133' title='bbox 769 837 900 875; x_wconf 63' lang='lat' dir='ltr'>faetum</span> <span class='ocrx_word' id='word_1_134' title='bbox 928 839 1026 882; x_wconf 91' lang='lat' dir='ltr'>vidi,</span> <span class='ocrx_word' id='word_1_135' title='bbox 1063 841 1100 875; x_wconf 91' lang='lat' dir='ltr'>in</span> <span class='ocrx_word' id='word_1_136' title='bbox 1121 839 1332 876; x_wconf 85' lang='lat' dir='ltr'>homiuibus</span> <span class='ocrx_word' id='word_1_137' title='bbox 1360 839 1530 887; x_wconf 87' lang='lat' dir='ltr'>equidem</span> <span class='ocrx_word' id='word_1_138' title='bbox 1553 838 1659 876; x_wconf 89' lang='lat' dir='ltr'>scele-</span> 
     </span>
     <span class='ocr_line' id='line_1_13' title="bbox 69 897 1658 948; baseline -0.001 -12"><span class='ocrx_word' id='word_1_139' title='bbox 69 899 175 941; x_wconf 79' lang='lat' dir='ltr'>ratis,</span> <span class='ocrx_word' id='word_1_140' title='bbox 211 900 248 935; x_wconf 88' lang='lat' dir='ltr'>in</span> <span class='ocrx_word' id='word_1_141' title='bbox 275 899 407 948; x_wconf 88' lang='lat' dir='ltr'>quibus</span> <span class='ocrx_word' id='word_1_142' title='bbox 427 898 593 936; x_wconf 87' lang='lat' dir='ltr'>diuturna</span> <span class='ocrx_word' id='word_1_143' title='bbox 610 899 798 935; x_wconf 88' lang='lat' dir='ltr'>incarcere</span> <span class='ocrx_word' id='word_1_144' title='bbox 824 899 925 947; x_wconf 89' lang='lat' dir='ltr'>quies</span> <span class='ocrx_word' id='word_1_145' title='bbox 944 926 953 940; x_wconf 89' lang='lat'>‚</span> <span class='ocrx_word' id='word_1_146' title='bbox 992 897 1165 947; x_wconf 85' lang='lat' dir='ltr'>tristisque</span> <span class='ocrx_word' id='word_1_147' title='bbox 1192 900 1320 935; x_wconf 89' lang='lat' dir='ltr'>mortis</span> <span class='ocrx_word' id='word_1_148' title='bbox 1350 898 1559 940; x_wconf 79' lang='lat' dir='ltr'>meditatio,</span> <span class='ocrx_word' id='word_1_149' title='bbox 1586 898 1658 935; x_wconf 86' lang='lat' dir='ltr'>hoc</span> 
     </span>
     <span class='ocr_line' id='line_1_14' title="bbox 70 955 1658 1007; baseline -0.001 -12"><span class='ocrx_word' id='word_1_150' title='bbox 70 959 198 995; x_wconf 85' lang='lat' dir='ltr'>vitium</span> <span class='ocrx_word' id='word_1_151' title='bbox 222 957 390 1006; x_wconf 78' lang='lat' dir='ltr'>adjuvisse</span> <span class='ocrx_word' id='word_1_152' title='bbox 409 959 539 1007; x_wconf 89' lang='lat' dir='ltr'>potuit.</span> <span class='ocrx_word' id='word_1_153' title='bbox 577 957 631 995; x_wconf 87' lang='lat' dir='ltr'>Ex</span> <span class='ocrx_word' id='word_1_154' title='bbox 656 955 789 1006; x_wconf 80' lang='lat' dir='ltr'>spissata</span> <span class='ocrx_word' id='word_1_155' title='bbox 815 965 903 995; x_wconf 83' lang='lat' dir='ltr'>tunc</span> <span class='ocrx_word' id='word_1_156' title='bbox 924 957 1070 1007; x_wconf 84' lang='lat' dir='ltr'>lympha</span> <span class='ocrx_word' id='word_1_157' title='bbox 1096 958 1171 995; x_wconf 82' lang='lat' dir='ltr'>haec</span> <span class='ocrx_word' id='word_1_158' title='bbox 1199 957 1297 995; x_wconf 80' lang='lat' dir='ltr'>frena</span> <span class='ocrx_word' id='word_1_159' title='bbox 1324 957 1416 994; x_wconf 88' lang='lat' dir='ltr'>nasci</span> <span class='ocrx_word' id='word_1_160' title='bbox 1447 957 1658 1006; x_wconf 81' lang='lat' dir='ltr'>exemplum</span> 
     </span>
     <span class='ocr_line' id='line_1_15' title="bbox 69 1016 1658 1067; baseline 0 -13"><span class='ocrx_word' id='word_1_161' title='bbox 69 1016 255 1065; x_wconf 85' lang='lat' dir='ltr'>pulmonis</span> <span class='ocrx_word' id='word_1_162' title='bbox 276 1017 468 1055; x_wconf 85' lang='lat' dir='ltr'>confirmat</span> <span class='ocrx_word' id='word_1_163' title='bbox 482 1045 491 1059; x_wconf 94' lang='lat'>,</span> <span class='ocrx_word' id='word_1_164' title='bbox 526 1029 636 1066; x_wconf 90' lang='lat' dir='ltr'>quem</span> <span class='ocrx_word' id='word_1_165' title='bbox 655 1016 746 1053; x_wconf 86' lang='lat' dir='ltr'>adeo</span> <span class='ocrx_word' id='word_1_166' title='bbox 765 1016 878 1065; x_wconf 88' lang='lat' dir='ltr'>vulgo</span> <span class='ocrx_word' id='word_1_167' title='bbox 900 1016 955 1054; x_wconf 80' lang='lat' dir='ltr'>fila</span> <span class='ocrx_word' id='word_1_168' title='bbox 972 1046 981 1059; x_wconf 90' lang='lat'>,</span> <span class='ocrx_word' id='word_1_169' title='bbox 1019 1017 1210 1054; x_wconf 80' lang='lat' dir='ltr'>&amp;laminae</span> <span class='ocrx_word' id='word_1_170' title='bbox 1236 1019 1324 1054; x_wconf 70' lang='lat' dir='ltr'>viclo</span> <span class='ocrx_word' id='word_1_171' title='bbox 1347 1027 1457 1067; x_wconf 76' lang='lat' dir='ltr'>natae,</span> <span class='ocrx_word' id='word_1_172' title='bbox 1495 1017 1538 1054; x_wconf 88' lang='lat' dir='ltr'>ad</span> <span class='ocrx_word' id='word_1_173' title='bbox 1556 1017 1658 1066; x_wconf 86' lang='lat' dir='ltr'>pleu-</span> 
     </span>
     <span class='ocr_line' id='line_1_16' title="bbox 68 1075 1658 1125; baseline -0.001 -12"><span class='ocrx_word' id='word_1_174' title='bbox 68 1088 146 1113; x_wconf 76' lang='lat' dir='ltr'>xam</span> <span class='ocrx_word' id='word_1_175' title='bbox 168 1077 236 1113; x_wconf 85' lang='lat' dir='ltr'>late</span> <span class='ocrx_word' id='word_1_176' title='bbox 266 1078 479 1115; x_wconf 85' lang='lat' dir='ltr'>revinciunt.</span> <span class='ocrx_word' id='word_1_177' title='bbox 519 1075 572 1114; x_wconf 88' lang='lat' dir='ltr'>Ita</span> <span class='ocrx_word' id='word_1_178' title='bbox 595 1083 690 1114; x_wconf 86' lang='lat' dir='ltr'>certe</span> <span class='ocrx_word' id='word_1_179' title='bbox 709 1087 773 1113; x_wconf 83' lang='lat' dir='ltr'>cor</span> <span class='ocrx_word' id='word_1_180' title='bbox 797 1088 882 1113; x_wconf 89' lang='lat' dir='ltr'>cum</span> <span class='ocrx_word' id='word_1_181' title='bbox 899 1075 962 1114; x_wconf 91' lang='lat' dir='ltr'>suo</span> <span class='ocrx_word' id='word_1_182' title='bbox 983 1076 1084 1117; x_wconf 84' lang='lat' dir='ltr'>sacco</span> <span class='ocrx_word' id='word_1_183' title='bbox 1103 1077 1314 1114; x_wconf 85' lang='lat' dir='ltr'>confervere</span> <span class='ocrx_word' id='word_1_184' title='bbox 1335 1078 1448 1125; x_wconf 83' lang='lat' dir='ltr'>magis</span> <span class='ocrx_word' id='word_1_185' title='bbox 1466 1076 1556 1113; x_wconf 89' lang='lat' dir='ltr'>mihi</span> <span class='ocrx_word' id='word_1_186' title='bbox 1573 1089 1658 1125; x_wconf 89' lang='lat' dir='ltr'>pro-</span> 
     </span>
     <span class='ocr_line' id='line_1_17' title="bbox 70 1135 1658 1185; baseline 0.001 -14"><span class='ocrx_word' id='word_1_187' title='bbox 70 1135 187 1172; x_wconf 83' lang='lat' dir='ltr'>babile</span> <span class='ocrx_word' id='word_1_188' title='bbox 213 1136 376 1179; x_wconf 86' lang='lat' dir='ltr'>videtur,</span> <span class='ocrx_word' id='word_1_189' title='bbox 415 1147 523 1185; x_wconf 90' lang='lat' dir='ltr'>quam</span> <span class='ocrx_word' id='word_1_190' title='bbox 546 1147 592 1172; x_wconf 85' lang='lat' dir='ltr'>ex</span> <span class='ocrx_word' id='word_1_191' title='bbox 616 1135 754 1172; x_wconf 69' lang='lat' dir='ltr'>defe&amp;u</span> <span class='ocrx_word' id='word_1_192' title='bbox 781 1147 881 1184; x_wconf 82' lang='lat' dir='ltr'>aquae</span> <span class='ocrx_word' id='word_1_193' title='bbox 903 1135 1091 1184; x_wconf 88' lang='lat' dir='ltr'>pericardii</span> <span class='ocrx_word' id='word_1_194' title='bbox 1115 1136 1134 1184; x_wconf 85' lang='lat'>(</span> <span class='ocrx_word' id='word_1_195' title='bbox 1155 1137 1179 1173; x_wconf 79' lang='lat' dir='ltr'>d</span> <span class='ocrx_word' id='word_1_196' title='bbox 1197 1136 1228 1183; x_wconf 85' lang='grc'>).</span> <span class='ocrx_word' id='word_1_197' title='bbox 1262 1135 1305 1173; x_wconf 93' lang='lat' dir='ltr'>In</span> <span class='ocrx_word' id='word_1_198' title='bbox 1330 1135 1530 1185; x_wconf 85' lang='lat' dir='ltr'>hydropica</span> <span class='ocrx_word' id='word_1_199' title='bbox 1554 1135 1658 1172; x_wconf 88' lang='lat' dir='ltr'>femi-</span> 
     </span>
     <span class='ocr_line' id='line_1_18' title="bbox 67 1194 1659 1244; baseline -0.001 -12"><span class='ocrx_word' id='word_1_200' title='bbox 67 1205 114 1232; x_wconf 84' lang='lat' dir='ltr'>na</span> <span class='ocrx_word' id='word_1_201' title='bbox 139 1195 311 1232; x_wconf 82' lang='lat' dir='ltr'>coalitum</span> <span class='ocrx_word' id='word_1_202' title='bbox 340 1207 425 1232; x_wconf 91' lang='lat' dir='ltr'>cum</span> <span class='ocrx_word' id='word_1_203' title='bbox 452 1194 563 1231; x_wconf 86' lang='lat' dir='ltr'>corde</span> <span class='ocrx_word' id='word_1_204' title='bbox 587 1194 828 1243; x_wconf 87' lang='lat' dir='ltr'>pericardium</span> <span class='ocrx_word' id='word_1_205' title='bbox 855 1197 941 1244; x_wconf 82' lang='lat' dir='ltr'>(e).</span> <span class='ocrx_word' id='word_1_206' title='bbox 977 1194 1073 1232; x_wconf 88' lang='lat' dir='ltr'>Cum</span> <span class='ocrx_word' id='word_1_207' title='bbox 1099 1194 1203 1232; x_wconf 78' lang='lat' dir='ltr'>crassa</span> <span class='ocrx_word' id='word_1_208' title='bbox 1221 1196 1376 1243; x_wconf 83' lang='lat' dir='ltr'>gelatina</span> <span class='ocrx_word' id='word_1_209' title='bbox 1409 1207 1476 1244; x_wconf 86' lang='lat' dir='ltr'>pro</span> <span class='ocrx_word' id='word_1_210' title='bbox 1505 1196 1659 1243; x_wconf 84' lang='lat' dir='ltr'>pericar-</span> 
     </span>
     <span class='ocr_line' id='line_1_19' title="bbox 65 1252 1657 1303; baseline 0.001 -14"><span class='ocrx_word' id='word_1_211' title='bbox 65 1253 119 1290; x_wconf 87' lang='lat' dir='ltr'>dii</span> <span class='ocrx_word' id='word_1_212' title='bbox 142 1253 284 1303; x_wconf 87' lang='lat' dir='ltr'>liquore</span> <span class='ocrx_word' id='word_1_213' title='bbox 308 1253 390 1291; x_wconf 83' lang='lat' dir='ltr'>effet</span> <span class='ocrx_word' id='word_1_214' title='bbox 407 1282 416 1296; x_wconf 90' lang='lat'>‚</span> <span class='ocrx_word' id='word_1_215' title='bbox 458 1265 522 1291; x_wconf 87' lang='lat' dir='ltr'>cor</span> <span class='ocrx_word' id='word_1_216' title='bbox 546 1265 631 1291; x_wconf 89' lang='lat' dir='ltr'>cum</span> <span class='ocrx_word' id='word_1_217' title='bbox 659 1265 704 1290; x_wconf 92' lang='lat' dir='ltr'>eo</span> <span class='ocrx_word' id='word_1_218' title='bbox 728 1252 829 1291; x_wconf 87' lang='lat' dir='ltr'>sacco</span> <span class='ocrx_word' id='word_1_219' title='bbox 855 1253 952 1290; x_wconf 84' lang='lat' dir='ltr'>fibris</span> <span class='ocrx_word' id='word_1_220' title='bbox 979 1254 1155 1292; x_wconf 85' lang='lat' dir='ltr'>cellulosss</span> <span class='ocrx_word' id='word_1_221' title='bbox 1184 1254 1436 1291; x_wconf 81' lang='lat' dir='ltr'>conferbuerat</span> <span class='ocrx_word' id='word_1_222' title='bbox 1460 1256 1476 1301; x_wconf 88' lang='lat'>(</span> <span class='ocrx_word' id='word_1_223' title='bbox 1486 1252 1517 1302; x_wconf 83' lang='lat' dir='ltr'><strong><em>f</em></strong></span> <span class='ocrx_word' id='word_1_224' title='bbox 1529 1255 1555 1299; x_wconf 87' lang='lat'>).</span> <span class='ocrx_word' id='word_1_225' title='bbox 1592 1253 1657 1292; x_wconf 73' lang='lat' dir='ltr'>Hce</span> 
     </span>
     <span class='ocr_line' id='line_1_20' title="bbox 66 1311 1658 1363; baseline -0.001 -10"><span class='ocrx_word' id='word_1_226' title='bbox 66 1312 149 1353; x_wconf 84' lang='lat' dir='ltr'>:sunt</span> <span class='ocrx_word' id='word_1_227' title='bbox 174 1312 270 1351; x_wconf 67' lang='lat' dir='ltr'>fibrae</span> <span class='ocrx_word' id='word_1_228' title='bbox 287 1343 296 1357; x_wconf 88' lang='lat'>‚</span> <span class='ocrx_word' id='word_1_229' title='bbox 331 1326 398 1363; x_wconf 90' lang='lat' dir='ltr'>pro</span> <span class='ocrx_word' id='word_1_230' title='bbox 423 1311 631 1351; x_wconf 82' lang='lat' dir='ltr'>musculofis</span> <span class='ocrx_word' id='word_1_231' title='bbox 650 1313 778 1350; x_wconf 79' lang='lat' dir='ltr'>habitae</span> <span class='ocrx_word' id='word_1_232' title='bbox 797 1342 806 1356; x_wconf 85' lang='lat'>,</span> <span class='ocrx_word' id='word_1_233' title='bbox 846 1314 978 1363; x_wconf 87' lang='lat' dir='ltr'>quibus</span> <span class='ocrx_word' id='word_1_234' title='bbox 1005 1326 1069 1351; x_wconf 88' lang='lat' dir='ltr'>cor</span> <span class='ocrx_word' id='word_1_235' title='bbox 1095 1315 1132 1350; x_wconf 90' lang='lat' dir='ltr'>in</span> <span class='ocrx_word' id='word_1_236' title='bbox 1156 1313 1238 1350; x_wconf 86' lang='lat' dir='ltr'>sene</span> <span class='ocrx_word' id='word_1_237' title='bbox 1261 1326 1346 1351; x_wconf 87' lang='lat' dir='ltr'>cum</span> <span class='ocrx_word' id='word_1_238' title='bbox 1368 1314 1469 1351; x_wconf 84' lang='lat' dir='ltr'>sacco</span> <span class='ocrx_word' id='word_1_239' title='bbox 1492 1313 1554 1351; x_wconf 85' lang='lat' dir='ltr'>suo</span> <span class='ocrx_word' id='word_1_240' title='bbox 1575 1325 1658 1351; x_wconf 80' lang='lat' dir='ltr'>coa-</span> 
     </span>
     <span class='ocr_line' id='line_1_21' title="bbox 67 1371 1653 1422; baseline 0.001 -13"><span class='ocrx_word' id='word_1_241' title='bbox 67 1371 181 1410; x_wconf 83' lang='lat' dir='ltr'>luerat</span> <span class='ocrx_word' id='word_1_242' title='bbox 214 1373 316 1421; x_wconf 73' lang='lat' dir='ltr'>(g).</span> <span class='ocrx_word' id='word_1_243' title='bbox 354 1372 556 1411; x_wconf 84' lang='lat' dir='ltr'>Numerosa</span> <span class='ocrx_word' id='word_1_244' title='bbox 583 1381 753 1409; x_wconf 81' lang='lat' dir='ltr'>caeterum</span> <span class='ocrx_word' id='word_1_245' title='bbox 787 1372 893 1420; x_wconf 84' lang='lat' dir='ltr'>hujus</span> <span class='ocrx_word' id='word_1_246' title='bbox 916 1375 993 1410; x_wconf 86' lang='lat' dir='ltr'>vitii</span> <span class='ocrx_word' id='word_1_247' title='bbox 1024 1373 1189 1422; x_wconf 79' lang='lat' dir='ltr'>exempla</span> <span class='ocrx_word' id='word_1_248' title='bbox 1218 1372 1342 1422; x_wconf 83' lang='lat' dir='ltr'>paffim</span> <span class='ocrx_word' id='word_1_249' title='bbox 1374 1374 1513 1410; x_wconf 81' lang='lat' dir='ltr'>exstant</span> <span class='ocrx_word' id='word_1_250' title='bbox 1547 1375 1564 1420; x_wconf 87' lang='lat'>(</span> <span class='ocrx_word' id='word_1_251' title='bbox 1581 1373 1605 1410; x_wconf 85' lang='lat' dir='ltr'><em>h</em></span> <span class='ocrx_word' id='word_1_252' title='bbox 1626 1374 1653 1419; x_wconf 85' lang='lat'>).</span> 
     </span>
     <span class='ocr_line' id='line_1_22' title="bbox 67 1430 1659 1481; baseline 0.001 -13"><span class='ocrx_word' id='word_1_253' title='bbox 67 1430 159 1469; x_wconf 89' lang='lat' dir='ltr'>Non</span> <span class='ocrx_word' id='word_1_254' title='bbox 184 1432 269 1470; x_wconf 87' lang='lat' dir='ltr'>ideo</span> <span class='ocrx_word' id='word_1_255' title='bbox 294 1444 422 1470; x_wconf 87' lang='lat' dir='ltr'>omnes</span> <span class='ocrx_word' id='word_1_256' title='bbox 448 1432 530 1469; x_wconf 86' lang='lat' dir='ltr'>alias</span> <span class='ocrx_word' id='word_1_257' title='bbox 557 1431 691 1469; x_wconf 81' lang='lat' dir='ltr'>vitiosae</span> <span class='ocrx_word' id='word_1_258' title='bbox 712 1432 831 1469; x_wconf 88' lang='lat' dir='ltr'>cordis</span> <span class='ocrx_word' id='word_1_259' title='bbox 860 1444 945 1469; x_wconf 90' lang='lat' dir='ltr'>cum</span> <span class='ocrx_word' id='word_1_260' title='bbox 965 1432 1028 1471; x_wconf 89' lang='lat' dir='ltr'>suo</span> <span class='ocrx_word' id='word_1_261' title='bbox 1050 1433 1151 1470; x_wconf 84' lang='lat' dir='ltr'>sacco</span> <span class='ocrx_word' id='word_1_262' title='bbox 1180 1432 1391 1470; x_wconf 81' lang='lat' dir='ltr'>cohaefionis</span> <span class='ocrx_word' id='word_1_263' title='bbox 1411 1432 1527 1470; x_wconf 83' lang='lat' dir='ltr'>causas</span> <span class='ocrx_word' id='word_1_264' title='bbox 1551 1444 1659 1481; x_wconf 83' lang='lat' dir='ltr'>repu-</span> 
     </span>
     <span class='ocr_line' id='line_1_23' title="bbox 69 1490 1658 1540; baseline 0 -13"><span class='ocrx_word' id='word_1_265' title='bbox 69 1490 241 1528; x_wconf 80' lang='lat' dir='ltr'>diaverim</span> <span class='ocrx_word' id='word_1_266' title='bbox 262 1519 271 1533; x_wconf 92' lang='lat'>‚</span> <span class='ocrx_word' id='word_1_267' title='bbox 307 1504 395 1540; x_wconf 87' lang='lat' dir='ltr'>quas</span> <span class='ocrx_word' id='word_1_268' title='bbox 422 1493 515 1528; x_wconf 87' lang='lat' dir='ltr'>inter</span> <span class='ocrx_word' id='word_1_269' title='bbox 531 1492 694 1540; x_wconf 87' lang='lat' dir='ltr'>inprimis</span> <span class='ocrx_word' id='word_1_270' title='bbox 711 1502 778 1539; x_wconf 92' lang='lat' dir='ltr'>pus</span> <span class='ocrx_word' id='word_1_271' title='bbox 800 1503 976 1534; x_wconf 84' lang='lat' dir='ltr'>numero,</span> <span class='ocrx_word' id='word_1_272' title='bbox 1014 1493 1052 1528; x_wconf 90' lang='lat' dir='ltr'>in</span> <span class='ocrx_word' id='word_1_273' title='bbox 1074 1491 1199 1529; x_wconf 81' lang='lat' dir='ltr'>similia</span> <span class='ocrx_word' id='word_1_274' title='bbox 1224 1491 1280 1528; x_wconf 85' lang='lat' dir='ltr'>fila</span> <span class='ocrx_word' id='word_1_275' title='bbox 1306 1494 1461 1529; x_wconf 89' lang='lat' dir='ltr'>omnino</span> <span class='ocrx_word' id='word_1_276' title='bbox 1487 1491 1658 1540; x_wconf 79' lang='lat' dir='ltr'>figurabi-</span> 
     </span>
     <span class='ocr_line' id='line_1_24' title="bbox 66 1549 1657 1600; baseline 0.001 -14"><span class='ocrx_word' id='word_1_277' title='bbox 66 1549 101 1586; x_wconf 87' lang='lat' dir='ltr'>le</span> <span class='ocrx_word' id='word_1_278' title='bbox 116 1577 126 1592; x_wconf 88' lang='lat'>,</span> <span class='ocrx_word' id='word_1_279' title='bbox 161 1549 276 1599; x_wconf 85' lang='lat' dir='ltr'>qualia</span> <span class='ocrx_word' id='word_1_280' title='bbox 300 1563 345 1588; x_wconf 82' lang='lat' dir='ltr'>ex</span> <span class='ocrx_word' id='word_1_281' title='bbox 361 1550 509 1600; x_wconf 86' lang='lat' dir='ltr'>lympha</span> <span class='ocrx_word' id='word_1_282' title='bbox 534 1549 734 1587; x_wconf 86' lang='lat' dir='ltr'>nascuntur.</span> <span class='ocrx_word' id='word_1_283' title='bbox 771 1550 847 1598; x_wconf 86' lang='lat' dir='ltr'>lpse</span> <span class='ocrx_word' id='word_1_284' title='bbox 872 1551 944 1587; x_wconf 91' lang='lat' dir='ltr'>vidi</span> <span class='ocrx_word' id='word_1_285' title='bbox 961 1552 999 1587; x_wconf 88' lang='lat' dir='ltr'>in</span> <span class='ocrx_word' id='word_1_286' title='bbox 1014 1552 1167 1599; x_wconf 87' lang='lat' dir='ltr'>juvene,</span> <span class='ocrx_word' id='word_1_287' title='bbox 1203 1551 1284 1599; x_wconf 87' lang='lat' dir='ltr'>post</span> <span class='ocrx_word' id='word_1_288' title='bbox 1307 1551 1558 1600; x_wconf 84' lang='lat' dir='ltr'>palpitationes</span> <span class='ocrx_word' id='word_1_289' title='bbox 1576 1562 1657 1588; x_wconf 84' lang='lat' dir='ltr'>cor-</span> 
     </span>
     <span class='ocr_line' id='line_1_25' title="bbox 67 1608 1658 1658; baseline 0.001 -13"><span class='ocrx_word' id='word_1_290' title='bbox 67 1608 121 1645; x_wconf 81' lang='lat' dir='ltr'>dis</span> <span class='ocrx_word' id='word_1_291' title='bbox 152 1621 319 1647; x_wconf 84' lang='lat' dir='ltr'>enormes</span> <span class='ocrx_word' id='word_1_292' title='bbox 350 1611 500 1652; x_wconf 66' lang='lat' dir='ltr'>(mesto,</span> <span class='ocrx_word' id='word_1_293' title='bbox 541 1609 744 1658; x_wconf 86' lang='lat' dir='ltr'>pultaceam</span> <span class='ocrx_word' id='word_1_294' title='bbox 773 1611 809 1646; x_wconf 67' lang='grc' dir='ltr'>δε</span> <span class='ocrx_word' id='word_1_295' title='bbox 834 1610 1062 1658; x_wconf 83' lang='lat' dir='ltr'>purulentam</span> <span class='ocrx_word' id='word_1_296' title='bbox 1087 1611 1273 1647; x_wconf 81' lang='lat' dir='ltr'>materiem</span> <span class='ocrx_word' id='word_1_297' title='bbox 1295 1610 1340 1647; x_wconf 89' lang='lat' dir='ltr'>de</span> <span class='ocrx_word' id='word_1_298' title='bbox 1364 1609 1658 1657; x_wconf 50' lang='lat' dir='ltr'>cordessfflores-</span> 
     </span>
     <span class='ocr_line' id='line_1_26' title="bbox 48 1667 1655 1723; baseline 0 -17"><span class='ocrx_word' id='word_1_299' title='bbox 48 1675 210 1707; x_wconf 53' lang='lat' dir='ltr'>neentem</span> <span class='ocrx_word' id='word_1_300' title='bbox 223 1697 234 1712; x_wconf 89' lang='lat'>‚</span> <span class='ocrx_word' id='word_1_301' title='bbox 267 1669 354 1711; x_wconf 66' lang='lat' dir='ltr'>huit:</span> <span class='ocrx_word' id='word_1_302' title='bbox 370 1669 493 1708; x_wconf 76' lang='lat' dir='ltr'>visceri</span> <span class='ocrx_word' id='word_1_303' title='bbox 511 1680 580 1723; x_wconf 84' lang='lat' dir='ltr'>pro</span> <span class='ocrx_word' id='word_1_304' title='bbox 598 1668 739 1717; x_wconf 84' lang='lat' dir='ltr'>glutine</span> <span class='ocrx_word' id='word_1_305' title='bbox 759 1667 859 1708; x_wconf 85' lang='lat' dir='ltr'>fuiffe</span> <span class='ocrx_word' id='word_1_306' title='bbox 871 1698 880 1712; x_wconf 92' lang='lat'>,</span> <span class='ocrx_word' id='word_1_307' title='bbox 913 1681 989 1719; x_wconf 91' lang='lat' dir='ltr'>quo</span> <span class='ocrx_word' id='word_1_308' title='bbox 1005 1682 1090 1708; x_wconf 86' lang='lat' dir='ltr'>cum</span> <span class='ocrx_word' id='word_1_309' title='bbox 1105 1669 1307 1719; x_wconf 80' lang='lat' dir='ltr'>pericardio</span> <span class='ocrx_word' id='word_1_310' title='bbox 1324 1669 1535 1707; x_wconf 78' lang='lat' dir='ltr'>cohaerebat.</span> <span class='ocrx_word' id='word_1_311' title='bbox 1570 1668 1655 1717; x_wconf 82' lang='lat' dir='ltr'>Ejus</span> 
     </span>
    </p>
   </div>
   <div class='ocr_carea' id='block_1_3' title="bbox 67 1728 1657 2208">
    <p class='ocr_par' dir='ltr' id='par_1_3' title="bbox 1571 1728 1656 1767">
     <span class='ocr_line' id='line_1_27' title="bbox 1571 1728 1656 1767; baseline -0.012 0"><span class='ocrx_word' id='word_1_312' title='bbox 1571 1728 1656 1767; x_wconf 81' lang='lat' dir='ltr'>visci</span> 
     </span>
    </p>

    <p class='ocr_par' dir='ltr' id='par_1_4' title="bbox 67 1841 1657 1924">
     <span class='ocr_line' id='line_1_28' title="bbox 104 1841 1657 1883; baseline -0.001 -8"><span class='ocrx_word' id='word_1_313' title='bbox 104 1844 121 1881; x_wconf 58' lang='lat'>&#39;(</span> <span class='ocrx_word' id='word_1_314' title='bbox 136 1844 182 1881; x_wconf 86' lang='lat' dir='ltr'>z)</span> <span class='ocrx_word' id='word_1_315' title='bbox 205 1846 309 1876; x_wconf 78' lang='lat' dir='ltr'>Second</span> <span class='ocrx_word' id='word_1_316' title='bbox 331 1846 468 1876; x_wconf 69' lang='lat' dir='ltr'>Memofr.</span> <span class='ocrx_word' id='word_1_317' title='bbox 486 1843 543 1883; x_wconf 66' lang='lat' dir='ltr'>fizr</span> <span class='ocrx_word' id='word_1_318' title='bbox 565 1846 601 1874; x_wconf 83' lang='lat' dir='ltr'>les</span> <span class='ocrx_word' id='word_1_319' title='bbox 617 1845 725 1882; x_wconf 65' lang='lat' dir='ltr'>parties</span> <span class='ocrx_word' id='word_1_320' title='bbox 736 1841 847 1882; x_wconf 62' lang='lat' dir='ltr'>fivgsz’hl.</span> <span class='ocrx_word' id='word_1_321' title='bbox 878 1843 916 1880; x_wconf 65' lang='grc' dir='ltr'>ἓξ</span> <span class='ocrx_word' id='word_1_322' title='bbox 940 1846 1018 1874; x_wconf 78' lang='lat' dir='ltr'>irrit.</span> <span class='ocrx_word' id='word_1_323' title='bbox 1049 1847 1118 1882; x_wconf 70' lang='lat' dir='ltr'>Erp.</span> <span class='ocrx_word' id='word_1_324' title='bbox 1144 1853 1210 1883; x_wconf 67' lang='lat'>527.</span> <span class='ocrx_word' id='word_1_325' title='bbox 1235 1844 1322 1875; x_wconf 83' lang='lat' dir='ltr'>Vidit</span> <span class='ocrx_word' id='word_1_326' title='bbox 1348 1846 1434 1875; x_wconf 84' lang='lat' dir='ltr'>etiarn</span> <span class='ocrx_word' id='word_1_327' title='bbox 1463 1844 1487 1880; x_wconf 84' lang='lat' dir='ltr'>J.</span> <span class='ocrx_word' id='word_1_328' title='bbox 1516 1844 1551 1873; x_wconf 77' lang='lat' dir='ltr'>de</span> <span class='ocrx_word' id='word_1_329' title='bbox 1574 1844 1605 1873; x_wconf 84' lang='lat' dir='ltr'><strong>M</strong></span> <span class='ocrx_word' id='word_1_330' title='bbox 1621 1854 1657 1874; x_wconf 76' lang='lat' dir='ltr'>tr-</span> 
     </span>
     <span class='ocr_line' id='line_1_29' title="bbox 67 1885 1649 1924; baseline -0.002 -8"><span class='ocrx_word' id='word_1_331' title='bbox 67 1893 88 1916; x_wconf 64' lang='lat' dir='ltr'>R</span> <span class='ocrx_word' id='word_1_332' title='bbox 100 1895 120 1915; x_wconf 77' lang='lat' dir='ltr'>A</span> <span class='ocrx_word' id='word_1_333' title='bbox 133 1895 149 1913; x_wconf 81' lang='lat' dir='ltr'>L</span> <span class='ocrx_word' id='word_1_334' title='bbox 161 1895 181 1914; x_wconf 78' lang='lat' dir='ltr'>&#39;r</span> <span class='ocrx_word' id='word_1_335' title='bbox 199 1886 228 1915; x_wconf 88' lang='lat' dir='ltr'>in</span> <span class='ocrx_word' id='word_1_336' title='bbox 250 1888 429 1916; x_wconf 63' lang='lat' dir='ltr'>vmienncum</span> <span class='ocrx_word' id='word_1_337' title='bbox 443 1893 522 1916; x_wconf 81' lang='lat' dir='ltr'>anat.</span> <span class='ocrx_word' id='word_1_338' title='bbox 548 1896 574 1923; x_wconf 85' lang='lat' dir='ltr'>p.</span> <span class='ocrx_word' id='word_1_339' title='bbox 594 1892 658 1924; x_wconf 68' lang='lat'>384.</span> <span class='ocrx_word' id='word_1_340' title='bbox 684 1887 710 1915; x_wconf 66' lang='grc' dir='ltr'>δε</span> <span class='ocrx_word' id='word_1_341' title='bbox 733 1885 758 1921; x_wconf 87' lang='lat' dir='ltr'>J.</span> <span class='ocrx_word' id='word_1_342' title='bbox 775 1887 921 1915; x_wconf 74' lang='lat' dir='ltr'>conradus</span> <span class='ocrx_word' id='word_1_343' title='bbox 937 1886 954 1915; x_wconf 88' lang='lat' dir='ltr'>P</span> <span class='ocrx_word' id='word_1_344' title='bbox 967 1897 981 1915; x_wconf 79' lang='lat' dir='ltr'>E</span> <span class='ocrx_word' id='word_1_345' title='bbox 994 1896 1015 1915; x_wconf 77' lang='lat' dir='ltr'>Y</span> <span class='ocrx_word' id='word_1_346' title='bbox 1028 1896 1042 1915; x_wconf 69' lang='grc' dir='ltr'><strong>Β</strong></span> <span class='ocrx_word' id='word_1_347' title='bbox 1058 1896 1075 1915; x_wconf 71' lang='lat' dir='ltr'>n</span> <span class='ocrx_word' id='word_1_348' title='bbox 1102 1887 1129 1915; x_wconf 90' lang='lat' dir='ltr'>in</span> <span class='ocrx_word' id='word_1_349' title='bbox 1145 1887 1265 1916; x_wconf 77' lang='lat' dir='ltr'>mechod.</span> <span class='ocrx_word' id='word_1_350' title='bbox 1283 1894 1362 1915; x_wconf 76' lang='lat' dir='ltr'>anat.</span> <span class='ocrx_word' id='word_1_351' title='bbox 1380 1885 1469 1922; x_wconf 68' lang='lat' dir='ltr'>pmii.</span> <span class='ocrx_word' id='word_1_352' title='bbox 1488 1895 1514 1922; x_wconf 78' lang='lat' dir='ltr'>p.</span> <span class='ocrx_word' id='word_1_353' title='bbox 1537 1889 1582 1922; x_wconf 87' lang='lat'>76.</span> <span class='ocrx_word' id='word_1_354' title='bbox 1601 1895 1649 1922; x_wconf 79' lang='lat'>77.</span> 
     </span>
    </p>

    <p class='ocr_par' dir='ltr' id='par_1_5' title="bbox 108 1925 1653 1964">
     <span class='ocr_line' id='line_1_30' title="bbox 108 1925 1653 1964; baseline -0.001 -7"><span class='ocrx_word' id='word_1_355' title='bbox 108 1926 121 1962; x_wconf 91' lang='lat'><strong>(</strong></span> <span class='ocrx_word' id='word_1_356' title='bbox 137 1936 156 1954; x_wconf 88' lang='lat' dir='ltr'>a</span> <span class='ocrx_word' id='word_1_357' title='bbox 175 1927 188 1962; x_wconf 88' lang='lat'><em>)</em></span> <span class='ocrx_word' id='word_1_358' title='bbox 211 1928 231 1957; x_wconf 90' lang='lat' dir='ltr'>B</span> <span class='ocrx_word' id='word_1_359' title='bbox 246 1938 264 1956; x_wconf 86' lang='lat' dir='ltr'>u</span> <span class='ocrx_word' id='word_1_360' title='bbox 277 1938 289 1958; x_wconf 78' lang='lat' dir='ltr'>s</span> <span class='ocrx_word' id='word_1_361' title='bbox 301 1938 313 1957; x_wconf 92' lang='lat' dir='ltr'>s</span> <span class='ocrx_word' id='word_1_362' title='bbox 331 1938 339 1956; x_wconf 92' lang='grc' dir='ltr'>ι</span> <span class='ocrx_word' id='word_1_363' title='bbox 354 1937 369 1956; x_wconf 69' lang='lat' dir='ltr'>it</span> <span class='ocrx_word' id='word_1_364' title='bbox 382 1937 401 1956; x_wconf 76' lang='lat' dir='ltr'>R</span> <span class='ocrx_word' id='word_1_365' title='bbox 418 1938 432 1957; x_wconf 72' lang='grc' dir='ltr'>ε</span> <span class='ocrx_word' id='word_1_366' title='bbox 454 1928 536 1957; x_wconf 85' lang='lat' dir='ltr'>lettre</span> <span class='ocrx_word' id='word_1_367' title='bbox 561 1925 577 1956; x_wconf 77' lang='grc' dir='ltr'>ὲ</span> <span class='ocrx_word' id='word_1_368' title='bbox 606 1927 649 1957; x_wconf 84' lang='grc' dir='ltr'>Μ.</span> <span class='ocrx_word' id='word_1_369' title='bbox 669 1926 768 1956; x_wconf 62' lang='lat' dir='ltr'>Mum</span> <span class='ocrx_word' id='word_1_370' title='bbox 794 1937 821 1964; x_wconf 90' lang='lat' dir='ltr'>p.</span> <span class='ocrx_word' id='word_1_371' title='bbox 842 1932 888 1962; x_wconf 81' lang='lat'>38.</span> <span class='ocrx_word' id='word_1_372' title='bbox 911 1927 934 1957; x_wconf 93' lang='lat' dir='ltr'>C</span> <span class='ocrx_word' id='word_1_373' title='bbox 949 1937 966 1955; x_wconf 77' lang='grc' dir='ltr'>Λ</span> <span class='ocrx_word' id='word_1_374' title='bbox 982 1938 999 1956; x_wconf 84' lang='lat' dir='ltr'>L</span> <span class='ocrx_word' id='word_1_375' title='bbox 1013 1937 1032 1956; x_wconf 76' lang='lat' dir='ltr'>n</span> <span class='ocrx_word' id='word_1_376' title='bbox 1047 1937 1060 1956; x_wconf 74' lang='grc' dir='ltr'><strong><em>Β</em></strong></span> <span class='ocrx_word' id='word_1_377' title='bbox 1074 1937 1086 1956; x_wconf 88' lang='lat' dir='ltr'>s</span> <span class='ocrx_word' id='word_1_378' title='bbox 1103 1938 1112 1956; x_wconf 90' lang='lat'>1</span> <span class='ocrx_word' id='word_1_379' title='bbox 1131 1930 1257 1956; x_wconf 83' lang='lat' dir='ltr'>notomia</span> <span class='ocrx_word' id='word_1_380' title='bbox 1283 1929 1353 1956; x_wconf 73' lang='lat' dir='ltr'>dalle</span> <span class='ocrx_word' id='word_1_381' title='bbox 1371 1926 1541 1962; x_wconf 75' lang='lat' dir='ltr'>tartarughe</span> <span class='ocrx_word' id='word_1_382' title='bbox 1558 1936 1585 1963; x_wconf 87' lang='lat' dir='ltr'>p.</span> <span class='ocrx_word' id='word_1_383' title='bbox 1605 1930 1653 1956; x_wconf 87' lang='lat'>60.</span> 
     </span>
    </p>

    <p class='ocr_par' dir='ltr' id='par_1_6' title="bbox 107 1965 840 2004">
     <span class='ocr_line' id='line_1_31' title="bbox 107 1965 840 2004; baseline 0.001 -10"><span class='ocrx_word' id='word_1_384' title='bbox 107 1966 185 2002; x_wconf 79' lang='lat' dir='ltr'>(h)</span> <span class='ocrx_word' id='word_1_385' title='bbox 209 1968 232 1997; x_wconf 92' lang='lat' dir='ltr'>G</span> <span class='ocrx_word' id='word_1_386' title='bbox 247 1979 265 1996; x_wconf 77' lang='lat' dir='ltr'>A</span> <span class='ocrx_word' id='word_1_387' title='bbox 279 1978 297 1996; x_wconf 85' lang='lat' dir='ltr'>u</span> <span class='ocrx_word' id='word_1_388' title='bbox 314 1977 333 1996; x_wconf 87' lang='grc' dir='ltr'>τ</span> <span class='ocrx_word' id='word_1_389' title='bbox 349 1977 385 1996; x_wconf 71' lang='grc' dir='ltr'>ιε</span> <span class='ocrx_word' id='word_1_390' title='bbox 400 1977 419 1996; x_wconf 75' lang='lat' dir='ltr'>R</span> <span class='ocrx_word' id='word_1_391' title='bbox 442 1965 577 2004; x_wconf 58' lang='lat' dir='ltr'>observat.</span> <span class='ocrx_word' id='word_1_392' title='bbox 598 1967 626 1996; x_wconf 89' lang='lat' dir='ltr'>P.</span> <span class='ocrx_word' id='word_1_393' title='bbox 647 1967 695 1996; x_wconf 85' lang='lat'>111.</span> <span class='ocrx_word' id='word_1_394' title='bbox 721 1976 750 2004; x_wconf 82' lang='lat' dir='ltr'>p.</span> <span class='ocrx_word' id='word_1_395' title='bbox 772 1973 840 2003; x_wconf 76' lang='lat'>483.</span> 
     </span>
    </p>

    <p class='ocr_par' dir='ltr' id='par_1_7' title="bbox 107 2005 1599 2047">
     <span class='ocr_line' id='line_1_32' title="bbox 107 2005 1599 2047; baseline 0.001 -13"><span class='ocrx_word' id='word_1_396' title='bbox 107 2007 151 2042; x_wconf 82' lang='lat' dir='ltr'>(c</span> <span class='ocrx_word' id='word_1_397' title='bbox 172 2007 184 2043; x_wconf 87' lang='lat'>)</span> <span class='ocrx_word' id='word_1_398' title='bbox 206 2008 302 2044; x_wconf 80' lang='lat' dir='ltr'>Quam</span> <span class='ocrx_word' id='word_1_399' title='bbox 324 2007 438 2036; x_wconf 78' lang='lat' dir='ltr'>Parii-ini</span> <span class='ocrx_word' id='word_1_400' title='bbox 463 2006 618 2046; x_wconf 77' lang='lat' dir='ltr'>Demozselle</span> <span class='ocrx_word' id='word_1_401' title='bbox 639 2016 746 2037; x_wconf 87' lang='lat' dir='ltr'>vocant</span> <span class='ocrx_word' id='word_1_402' title='bbox 759 2024 779 2043; x_wconf 43' lang='grc' dir='ltr'>,κ</span> <span class='ocrx_word' id='word_1_403' title='bbox 795 2009 825 2036; x_wconf 90' lang='lat' dir='ltr'>in</span> <span class='ocrx_word' id='word_1_404' title='bbox 840 2008 978 2039; x_wconf 78' lang='lat' dir='ltr'>Memoir.</span> <span class='ocrx_word' id='word_1_405' title='bbox 994 2016 1068 2046; x_wconf 84' lang='lat' dir='ltr'>pour</span> <span class='ocrx_word' id='word_1_406' title='bbox 1080 2005 1176 2047; x_wconf 67' lang='lat' dir='ltr'>firvir</span> <span class='ocrx_word' id='word_1_407' title='bbox 1191 2006 1210 2037; x_wconf 73' lang='grc' dir='ltr'><em>ἁ</em></span> <span class='ocrx_word' id='word_1_408' title='bbox 1229 2007 1360 2047; x_wconf 65' lang='grc' dir='ltr'><em>[ὺξβοὶνσ</em></span> <span class='ocrx_word' id='word_1_409' title='bbox 1382 2008 1429 2036; x_wconf 78' lang='lat' dir='ltr'>des</span> <span class='ocrx_word' id='word_1_410' title='bbox 1450 2008 1599 2036; x_wconf 76' lang='lat' dir='ltr'>minmcx.</span> 
     </span>
    </p>

    <p class='ocr_par' dir='ltr' id='par_1_8' title="bbox 107 2045 542 2126">
     <span class='ocr_line' id='line_1_33' title="bbox 107 2045 542 2126; baseline 0.002 -10"><span class='ocrx_word' id='word_1_411' title='bbox 107 2047 188 2124; x_wconf 60' lang='grc' dir='ltr'>ἓξὲξ</span> <span class='ocrx_word' id='word_1_412' title='bbox 210 2045 385 2126; x_wconf 74' lang='lat' dir='ltr'>Ks</span> <span class='ocrx_word' id='word_1_413' title='bbox 399 2057 542 2125; x_wconf 47' lang='grc' dir='ltr'>πάξ-7.</span> 
     </span>
    </p>

    <p class='ocr_par' dir='ltr' id='par_1_9' title="bbox 108 2125 927 2168">
     <span class='ocr_line' id='line_1_34' title="bbox 108 2125 927 2168; baseline 0 -9"><span class='ocrx_word' id='word_1_414' title='bbox 108 2126 182 2165; x_wconf 79' lang='lat' dir='ltr'>(f)</span> <span class='ocrx_word' id='word_1_415' title='bbox 206 2129 288 2159; x_wconf 88' lang='lat' dir='ltr'>Dou</span> <span class='ocrx_word' id='word_1_416' title='bbox 303 2140 351 2159; x_wconf 80' lang='lat' dir='ltr'>GL</span> <span class='ocrx_word' id='word_1_417' title='bbox 367 2139 408 2159; x_wconf 71' lang='lat' dir='ltr'>As</span> <span class='ocrx_word' id='word_1_418' title='bbox 422 2139 434 2158; x_wconf 92' lang='lat' dir='ltr'>s</span> <span class='ocrx_word' id='word_1_419' title='bbox 461 2130 489 2158; x_wconf 87' lang='lat' dir='ltr'>in</span> <span class='ocrx_word' id='word_1_420' title='bbox 515 2125 616 2166; x_wconf 76' lang='lat' dir='ltr'>Philofi</span> <span class='ocrx_word' id='word_1_421' title='bbox 640 2126 772 2167; x_wconf 63' lang='lat' dir='ltr'>tranfitc‘l.</span> <span class='ocrx_word' id='word_1_422' title='bbox 798 2138 826 2158; x_wconf 89' lang='lat' dir='ltr'>n.</span> <span class='ocrx_word' id='word_1_423' title='bbox 861 2136 927 2168; x_wconf 77' lang='lat'>345.</span> 
     </span>
    </p>

    <p class='ocr_par' dir='ltr' id='par_1_10' title="bbox 108 2169 653 2208">
     <span class='ocr_line' id='line_1_35' title="bbox 108 2169 653 2208; baseline -0.004 -8"><span class='ocrx_word' id='word_1_424' title='bbox 108 2170 181 2207; x_wconf 77' lang='lat' dir='ltr'>(g)</span> <span class='ocrx_word' id='word_1_425' title='bbox 203 2170 404 2200; x_wconf 75' lang='lat' dir='ltr'>HAYMAN</span> <span class='ocrx_word' id='word_1_426' title='bbox 427 2169 462 2200; x_wconf 92' lang='lat' dir='ltr'>T.</span> <span class='ocrx_word' id='word_1_427' title='bbox 494 2169 522 2198; x_wconf 76' lang='lat' dir='ltr'>V.</span> <span class='ocrx_word' id='word_1_428' title='bbox 551 2179 577 2208; x_wconf 88' lang='lat' dir='ltr'>p.</span> <span class='ocrx_word' id='word_1_429' title='bbox 607 2173 653 2198; x_wconf 86' lang='lat'>26.</span> 
     </span>
    </p>
   </div>
   <div class='ocr_carea' id='block_1_4' title="bbox 67 2209 1652 2456">
    <p class='ocr_par' dir='ltr' id='par_1_11' title="bbox 67 2209 1652 2456">
     <span class='ocr_line' id='line_1_36' title="bbox 110 2209 1649 2250; baseline 0.001 -10"><span class='ocrx_word' id='word_1_430' title='bbox 110 2210 156 2246; x_wconf 78' lang='lat' dir='ltr'>(h</span> <span class='ocrx_word' id='word_1_431' title='bbox 176 2212 188 2247; x_wconf 90' lang='lat'>)</span> <span class='ocrx_word' id='word_1_432' title='bbox 211 2211 321 2240; x_wconf 74' lang='lat' dir='ltr'>SENA</span> <span class='ocrx_word' id='word_1_433' title='bbox 338 2220 355 2240; x_wconf 86' lang='lat' dir='ltr'>c</span> <span class='ocrx_word' id='word_1_434' title='bbox 381 2210 416 2240; x_wconf 91' lang='lat' dir='ltr'>T.</span> <span class='ocrx_word' id='word_1_435' title='bbox 446 2210 483 2240; x_wconf 81' lang='grc' dir='ltr'>ΙΙ.</span> <span class='ocrx_word' id='word_1_436' title='bbox 511 2221 536 2248; x_wconf 87' lang='lat' dir='ltr'>p.</span> <span class='ocrx_word' id='word_1_437' title='bbox 565 2218 629 2247; x_wconf 80' lang='lat'>340.</span> <span class='ocrx_word' id='word_1_438' title='bbox 664 2219 728 2246; x_wconf 84' lang='lat'>34¹·</span> <span class='ocrx_word' id='word_1_439' title='bbox 755 2210 841 2240; x_wconf 74' lang='lat' dir='ltr'>Nrir</span> <span class='ocrx_word' id='word_1_440' title='bbox 860 2220 934 2239; x_wconf 60' lang='lat' dir='ltr'>arr.</span> <span class='ocrx_word' id='word_1_441' title='bbox 963 2211 1001 2240; x_wconf 82' lang='lat' dir='ltr'>ad</span> <span class='ocrx_word' id='word_1_442' title='bbox 1023 2210 1068 2241; x_wconf 92' lang='lat' dir='ltr'>So</span> <span class='ocrx_word' id='word_1_443' title='bbox 1085 2220 1195 2241; x_wconf 70' lang='lat' dir='ltr'>LANx</span> <span class='ocrx_word' id='word_1_444' title='bbox 1221 2221 1254 2239; x_wconf 74' lang='lat' dir='ltr'>ex</span> <span class='ocrx_word' id='word_1_445' title='bbox 1274 2210 1359 2250; x_wconf 68' lang='lat' dir='ltr'>pnlfic</span> <span class='ocrx_word' id='word_1_446' title='bbox 1377 2209 1509 2249; x_wconf 69' lang='lat' dir='ltr'>prsfiagia</span> <span class='ocrx_word' id='word_1_447' title='bbox 1535 2222 1563 2250; x_wconf 84' lang='lat' dir='ltr'>p.</span> <span class='ocrx_word' id='word_1_448' title='bbox 1585 2221 1649 2250; x_wconf 74' lang='lat'>¹30·</span> 
     </span>
     <span class='ocr_line' id='line_1_37' title="bbox 68 2250 1650 2290; baseline 0.002 -10"><span class='ocrx_word' id='word_1_449' title='bbox 68 2250 81 2287; x_wconf 86' lang='lat'><strong>(</strong></span> <span class='ocrx_word' id='word_1_450' title='bbox 104 2251 164 2290; x_wconf 81' lang='lat' dir='ltr'>post</span> <span class='ocrx_word' id='word_1_451' title='bbox 184 2251 314 2281; x_wconf 86' lang='lat' dir='ltr'>morbum</span> <span class='ocrx_word' id='word_1_452' title='bbox 337 2259 453 2282; x_wconf 85' lang='lat' dir='ltr'>acutum</span> <span class='ocrx_word' id='word_1_453' title='bbox 474 2252 486 2288; x_wconf 90' lang='lat'><em>)</em></span> <span class='ocrx_word' id='word_1_454' title='bbox 508 2252 603 2281; x_wconf 80' lang='lat' dir='ltr'>Arent</span> <span class='ocrx_word' id='word_1_455' title='bbox 632 2250 654 2280; x_wconf 93' lang='lat' dir='ltr'>C</span> <span class='ocrx_word' id='word_1_456' title='bbox 672 2261 691 2280; x_wconf 77' lang='grc' dir='ltr'><strong>Λ</strong></span> <span class='ocrx_word' id='word_1_457' title='bbox 706 2260 726 2279; x_wconf 82' lang='lat' dir='ltr'>N</span> <span class='ocrx_word' id='word_1_458' title='bbox 742 2261 762 2280; x_wconf 87' lang='grc' dir='ltr'>τ</span> <span class='ocrx_word' id='word_1_459' title='bbox 788 2252 881 2288; x_wconf 79' lang='lat' dir='ltr'>impet.</span> <span class='ocrx_word' id='word_1_460' title='bbox 908 2258 985 2280; x_wconf 74' lang='lat' dir='ltr'>anat.</span> <span class='ocrx_word' id='word_1_461' title='bbox 1019 2262 1047 2290; x_wconf 86' lang='lat' dir='ltr'>p.</span> <span class='ocrx_word' id='word_1_462' title='bbox 1082 2263 1124 2289; x_wconf 76' lang='lat'>¹7-</span> <span class='ocrx_word' id='word_1_463' title='bbox 1149 2255 1309 2282; x_wconf 80' lang='lat' dir='ltr'>Damianus</span> <span class='ocrx_word' id='word_1_464' title='bbox 1338 2253 1411 2282; x_wconf 68' lang='lat' dir='ltr'>Sin</span> <span class='ocrx_word' id='word_1_465' title='bbox 1426 2263 1443 2281; x_wconf 89' lang='lat' dir='ltr'>o</span> <span class='ocrx_word' id='word_1_466' title='bbox 1459 2263 1472 2281; x_wconf 62' lang='grc' dir='ltr'>ι’</span> <span class='ocrx_word' id='word_1_467' title='bbox 1486 2264 1501 2282; x_wconf 76' lang='grc' dir='ltr'>Ξ</span> <span class='ocrx_word' id='word_1_468' title='bbox 1515 2263 1533 2282; x_wconf 80' lang='lat' dir='ltr'>u</span> <span class='ocrx_word' id='word_1_469' title='bbox 1547 2264 1559 2283; x_wconf 92' lang='lat' dir='ltr'>s</span> <span class='ocrx_word' id='word_1_470' title='bbox 1586 2253 1601 2282; x_wconf 92' lang='lat' dir='ltr'>l.</span> <span class='ocrx_word' id='word_1_471' title='bbox 1625 2263 1650 2284; x_wconf 85' lang='lat' dir='ltr'>e.</span> 
     </span>
     <span class='ocr_line' id='line_1_38' title="bbox 67 2291 1652 2331; baseline 0 -9"><span class='ocrx_word' id='word_1_472' title='bbox 67 2303 97 2330; x_wconf 85' lang='lat' dir='ltr'>p.</span> <span class='ocrx_word' id='word_1_473' title='bbox 123 2302 166 2325; x_wconf 77' lang='lat'>31·</span> <span class='ocrx_word' id='word_1_474' title='bbox 188 2302 235 2327; x_wconf 81' lang='lat'>44.</span> <span class='ocrx_word' id='word_1_475' title='bbox 259 2294 283 2322; x_wconf 64' lang='grc' dir='ltr'><em>ἃ</em></span> <span class='ocrx_word' id='word_1_476' title='bbox 306 2292 380 2323; x_wconf 81' lang='lat' dir='ltr'>alibi.</span> <span class='ocrx_word' id='word_1_477' title='bbox 403 2292 472 2329; x_wconf 73' lang='lat' dir='ltr'>Eph.</span> <span class='ocrx_word' id='word_1_478' title='bbox 499 2293 572 2324; x_wconf 72' lang='lat' dir='ltr'>Nat.</span> <span class='ocrx_word' id='word_1_479' title='bbox 598 2295 656 2322; x_wconf 78' lang='lat' dir='ltr'>cur</span> <span class='ocrx_word' id='word_1_480' title='bbox 681 2291 744 2321; x_wconf 85' lang='lat' dir='ltr'>Vol.</span> <span class='ocrx_word' id='word_1_481' title='bbox 778 2292 814 2320; x_wconf 86' lang='lat' dir='ltr'>V.</span> <span class='ocrx_word' id='word_1_482' title='bbox 840 2302 870 2330; x_wconf 78' lang='lat' dir='ltr'>p,</span> <span class='ocrx_word' id='word_1_483' title='bbox 899 2301 946 2328; x_wconf 88' lang='lat'>90.</span> <span class='ocrx_word' id='word_1_484' title='bbox 979 2294 1050 2323; x_wconf 78' lang='lat' dir='ltr'>thl.</span> <span class='ocrx_word' id='word_1_485' title='bbox 1086 2291 1234 2331; x_wconf 55' lang='lat' dir='ltr'>Transcidi.</span> <span class='ocrx_word' id='word_1_486' title='bbox 1266 2304 1293 2323; x_wconf 88' lang='lat' dir='ltr'>n.</span> <span class='ocrx_word' id='word_1_487' title='bbox 1322 2299 1383 2328; x_wconf 84' lang='lat'>188-</span> <span class='ocrx_word' id='word_1_488' title='bbox 1415 2294 1558 2331; x_wconf 58' lang='lat' dir='ltr'>Philippus</span> <span class='ocrx_word' id='word_1_489' title='bbox 1584 2299 1652 2323; x_wconf 73' lang='lat' dir='ltr'>Con.</span> 
     </span>
     <span class='ocr_line' id='line_1_39' title="bbox 67 2332 1652 2371; baseline 0.003 -11"><span class='ocrx_word' id='word_1_490' title='bbox 67 2334 158 2361; x_wconf 67' lang='lat' dir='ltr'>radus</span> <span class='ocrx_word' id='word_1_491' title='bbox 177 2332 198 2362; x_wconf 82' lang='lat' dir='ltr'>F</span> <span class='ocrx_word' id='word_1_492' title='bbox 210 2343 229 2362; x_wconf 82' lang='grc' dir='ltr'><strong>Λ</strong></span> <span class='ocrx_word' id='word_1_493' title='bbox 246 2344 260 2362; x_wconf 73' lang='grc' dir='ltr'>κ</span> <span class='ocrx_word' id='word_1_494' title='bbox 273 2343 308 2362; x_wconf 71' lang='lat' dir='ltr'>nr</span> <span class='ocrx_word' id='word_1_495' title='bbox 323 2343 392 2363; x_wconf 79' lang='lat' dir='ltr'>eiu</span> <span class='ocrx_word' id='word_1_496' title='bbox 404 2344 416 2363; x_wconf 86' lang='lat' dir='ltr'>s</span> <span class='ocrx_word' id='word_1_497' title='bbox 443 2334 472 2363; x_wconf 87' lang='lat' dir='ltr'>in</span> <span class='ocrx_word' id='word_1_498' title='bbox 499 2340 706 2371; x_wconf 82' lang='lat' dir='ltr'>programmate</span> <span class='ocrx_word' id='word_1_499' title='bbox 726 2333 882 2363; x_wconf 68' lang='lat' dir='ltr'>Helmstad.</span> <span class='ocrx_word' id='word_1_500' title='bbox 906 2344 984 2370; x_wconf 84' lang='lat'>1750</span> <span class='ocrx_word' id='word_1_501' title='bbox 1004 2335 1095 2364; x_wconf 84' lang='lat' dir='ltr'>edito.</span> <span class='ocrx_word' id='word_1_502' title='bbox 1122 2334 1146 2364; x_wconf 92' lang='lat' dir='ltr'>D</span> <span class='ocrx_word' id='word_1_503' title='bbox 1159 2345 1172 2362; x_wconf 71' lang='lat' dir='ltr'>r</span> <span class='ocrx_word' id='word_1_504' title='bbox 1189 2345 1207 2363; x_wconf 80' lang='grc' dir='ltr'><strong>τ</strong></span> <span class='ocrx_word' id='word_1_505' title='bbox 1222 2344 1242 2363; x_wconf 78' lang='lat' dir='ltr'>H</span> <span class='ocrx_word' id='word_1_506' title='bbox 1255 2344 1275 2364; x_wconf 80' lang='grc' dir='ltr'><strong>Α</strong></span> <span class='ocrx_word' id='word_1_507' title='bbox 1288 2345 1304 2363; x_wconf 75' lang='lat' dir='ltr'>R</span> <span class='ocrx_word' id='word_1_508' title='bbox 1322 2345 1341 2363; x_wconf 86' lang='lat' dir='ltr'>r&gt;</span> <span class='ocrx_word' id='word_1_509' title='bbox 1355 2345 1363 2363; x_wconf 84' lang='grc' dir='ltr'><em>ι</em></span> <span class='ocrx_word' id='word_1_510' title='bbox 1376 2344 1397 2363; x_wconf 81' lang='lat' dir='ltr'>N</span> <span class='ocrx_word' id='word_1_511' title='bbox 1413 2345 1430 2362; x_wconf 73' lang='lat' dir='ltr'>e:</span> <span class='ocrx_word' id='word_1_512' title='bbox 1458 2335 1486 2363; x_wconf 91' lang='lat' dir='ltr'>in</span> <span class='ocrx_word' id='word_1_513' title='bbox 1508 2341 1588 2364; x_wconf 68' lang='lat' dir='ltr'>anat.</span> <span class='ocrx_word' id='word_1_514' title='bbox 1606 2346 1652 2364; x_wconf 76' lang='lat' dir='ltr'>cu-</span> 
     </span>
     <span class='ocr_line' id='line_1_40' title="bbox 67 2371 1652 2412; baseline 0.003 -11"><span class='ocrx_word' id='word_1_515' title='bbox 67 2371 131 2411; x_wconf 73' lang='lat' dir='ltr'>rios</span> <span class='ocrx_word' id='word_1_516' title='bbox 158 2374 196 2409; x_wconf 65' lang='lat'>²&amp;</span> <span class='ocrx_word' id='word_1_517' title='bbox 215 2376 280 2404; x_wconf 80' lang='lat' dir='ltr'>util.</span> <span class='ocrx_word' id='word_1_518' title='bbox 307 2375 412 2406; x_wconf 77' lang='lat' dir='ltr'>Tribus</span> <span class='ocrx_word' id='word_1_519' title='bbox 434 2381 591 2412; x_wconf 80' lang='lat' dir='ltr'>quatuorve</span> <span class='ocrx_word' id='word_1_520' title='bbox 612 2374 681 2404; x_wconf 82' lang='lat' dir='ltr'>locis</span> <span class='ocrx_word' id='word_1_521' title='bbox 703 2374 890 2412; x_wconf 82' lang='lat' dir='ltr'>pericardium</span> <span class='ocrx_word' id='word_1_522' title='bbox 917 2375 993 2405; x_wconf 84' lang='lat' dir='ltr'>cordi</span> <span class='ocrx_word' id='word_1_523' title='bbox 1023 2374 1184 2405; x_wconf 76' lang='lat' dir='ltr'>cohaeserat.</span> <span class='ocrx_word' id='word_1_524' title='bbox 1207 2374 1263 2405; x_wconf 78' lang='lat' dir='ltr'>Sed</span> <span class='ocrx_word' id='word_1_525' title='bbox 1281 2375 1368 2405; x_wconf 75' lang='lat' dir='ltr'>etiam</span> <span class='ocrx_word' id='word_1_526' title='bbox 1394 2375 1507 2405; x_wconf 76' lang='lat' dir='ltr'>duobus</span> <span class='ocrx_word' id='word_1_527' title='bbox 1530 2375 1652 2407; x_wconf 70' lang='lat' dir='ltr'>tribusve</span> 
     </span>
     <span class='ocr_line' id='line_1_41' title="bbox 68 2412 1422 2456; baseline 0.004 -12"><span class='ocrx_word' id='word_1_528' title='bbox 68 2412 139 2447; x_wconf 71' lang='lat' dir='ltr'>locis</span> <span class='ocrx_word' id='word_1_529' title='bbox 162 2424 210 2445; x_wconf 77' lang='lat' dir='ltr'>cor</span> <span class='ocrx_word' id='word_1_530' title='bbox 232 2424 298 2447; x_wconf 79' lang='lat' dir='ltr'>cum</span> <span class='ocrx_word' id='word_1_531' title='bbox 319 2416 478 2455; x_wconf 76' lang='lat' dir='ltr'>pericardio</span> <span class='ocrx_word' id='word_1_532' title='bbox 504 2416 648 2448; x_wconf 74' lang='lat' dir='ltr'>coaluerat</span> <span class='ocrx_word' id='word_1_533' title='bbox 667 2415 698 2447; x_wconf 86' lang='lat' dir='ltr'>in</span> <span class='ocrx_word' id='word_1_534' title='bbox 712 2415 827 2447; x_wconf 82' lang='lat' dir='ltr'>historia</span> <span class='ocrx_word' id='word_1_535' title='bbox 845 2437 853 2453; x_wconf 95' lang='lat'>,</span> <span class='ocrx_word' id='word_1_536' title='bbox 889 2426 974 2456; x_wconf 80' lang='lat' dir='ltr'>quam</span> <span class='ocrx_word' id='word_1_537' title='bbox 994 2426 1029 2448; x_wconf 72' lang='lat' dir='ltr'>ex</span> <span class='ocrx_word' id='word_1_538' title='bbox 1046 2416 1068 2448; x_wconf 90' lang='lat' dir='ltr'>C</span> <span class='ocrx_word' id='word_1_539' title='bbox 1081 2426 1101 2447; x_wconf 91' lang='grc' dir='ltr'><strong>ο</strong></span> <span class='ocrx_word' id='word_1_540' title='bbox 1116 2426 1142 2447; x_wconf 89' lang='lat' dir='ltr'><strong>w</strong></span> <span class='ocrx_word' id='word_1_541' title='bbox 1155 2426 1171 2446; x_wconf 78' lang='lat' dir='ltr'>P</span> <span class='ocrx_word' id='word_1_542' title='bbox 1183 2426 1199 2446; x_wconf 72' lang='lat' dir='ltr'>a</span> <span class='ocrx_word' id='word_1_543' title='bbox 1213 2426 1232 2448; x_wconf 63' lang='grc' dir='ltr'>Β.</span> <span class='ocrx_word' id='word_1_544' title='bbox 1245 2426 1263 2448; x_wconf 88' lang='grc' dir='ltr'>ο</span> <span class='ocrx_word' id='word_1_545' title='bbox 1290 2416 1422 2449; x_wconf 65' lang='grc' dir='ltr'>εκεηᾱνί.</span> 
     </span>
    </p>
   </div>
  </div>
 </body>
</html>
