2003 2748
365 107 661 158 SECTVII.
699 106 959 149 CORDIS
991 106 1376 149 AURICULAE:
1574 111 1664 157 '3¹3'

69 208 143 241 tem
165 201 261 241 foffae
290 202 401 241 ovalis
416 232 425 246 ‚
467 204 526 241 vel
556 204 599 242 ad
620 203 881 242 EusTAcni
897 217 911 242 1
939 204 1120 242 valvulam
1154 211 1347 254 pertinent.
1389 203 1494 243 Hanc
1524 212 1664 255 partem

66 262 185 300 levem
210 261 309 311 finus
344 263 464 300 dextri
496 268 647 301 nomine
675 266 840 313 inprimis
873 263 900 301 B
912 276 936 301 o
953 277 972 301 E
987 278 1009 302 R
1023 276 1049 301 n
1063 277 1081 300 A
1096 275 1118 299 A
1132 276 1154 300 v
1171 276 1184 300 1
1201 276 1222 301 υ
1237 277 1251 302 s
1280 264 1445 302 distinxit
1477 267 1494 312 (
1513 276 1529 302 c
1544 264 1560 311 >
1576 293 1587 307 ‚
1624 266 1661 302 St.

67 322 112 360 ab
136 322 292 359 auricula
315 321 496 371 separavit.

126 381 210 428 Ejus
231 382 362 418 fabrica
388 389 513 430 praetet
537 381 622 419 duas
644 382 870 418 membranas
886 383 1059 418 extimam
1082 382 1225 425 cordis,
1261 384 1501 433 intimamque
1517 412 1526 426 ‚
1555 385 1660 433 adipe

65 440 208 489 aliquo,
239 441 297 477 sed
323 442 485 488 inprimis
506 439 602 477 fibris
625 439 834 478 musculofis
859 440 1008 478 constat.
1040 439 1172 478 Earum
1193 444 1260 478 iter
1284 442 1376 479 adeo
1405 442 1551 480 difficile
1586 444 1659 490 est,

64 509 104 536 ut
134 512 252 548 neque
276 498 569 536 WALTHERI
602 499 677 548 (d)
704 499 847 542 sermo,
897 512 1016 549 neque
1049 498 1496 548 VrnussEN11(e)‚
1540 515 1660 552 neque

64 552 168 595 Petri
199 558 349 596 Simonis
381 557 664 595 Romnum-
700 556 769 605 (fl
790 587 800 600 ‚
853 570 971 607 neque
1007 558 1058 595 lll.
1090 559 1126 597 ὃς
1153 564 1282 609 nuperi
1308 560 1353 597 de
1378 561 1498 599 cordis
1527 562 1659 600 fabrica

62 617 214 654 auctoris
238 617 326 663 (g)
351 615 542 664 descriptio
575 617 677 654 facile
704 617 935 665 intelligatur.
969 618 1065 656 Cum
1092 620 1189 655 enim
1217 632 1336 668 neque
1360 620 1470 658 multa
1492 621 1593 658 strata
1607 621 1658 658 ef-

61 674 204 717 ficiam,
240 687 359 723 neque
376 669 489 712 crail‘ae
507 675 599 718 lint,
640 689 759 726 neque
792 690 809 713 a
839 676 904 714 suo
936 677 1144 714 velamento
1175 678 1299 721 facile,
1328 679 1458 729 absque
1476 681 1593 729 aliqua
1608 680 1656 718 la-

60 735 242 772 ceratione
258 763 267 777 ,
306 734 537 782 separentur,
579 736 613 772 δι
635 747 720 773 cum
742 744 910 784 praeterea
927 749 977 774 eae
1004 736 1103 773 fibrae
1130 740 1239 775 varias
1267 739 1480 777 directIOnes
1507 739 1656 789 sequan-

63 802 146 836 tur,
198 793 236 830 fit
259 796 437 836 omnino,
486 803 525 831 ut
557 806 676 842 neque
710 797 746 831 in
782 796 952 832 cadavere
989 795 1103 833 nitide
1136 799 1300 834 extricari
1332 796 1463 846 poffint
1484 827 1494 841 ,
1535 811 1655 848 neque

59 854 177 890 verbis
211 855 257 889 ita
293 852 472 895 describi,
520 861 559 890 ut
585 856 620 890 in
654 854 794 891 lecioris
825 857 987 891 animum
1023 867 1110 901 pura
1137 858 1186 893 rei
1216 857 1295 893 idea
1324 857 1486 894 transeat.
1529 857 1656 903 Quare.

58 924 177 961 neque
209 911 279 961 ipse
312 913 593 961 descriptionem
625 915 674 950 rei
705 912 863 951 obscurae
888 913 946 951 hic
972 914 1152 956 exhibeo,
1198 916 1234 951 &
1260 916 1304 953 ad
1331 916 1514 959 auctores,
1558 929 1655 965 quos

58 972 235 1013 excitavi,
263 973 409 1009 remitto
427 1000 436 1014 ‚
467 984 624 1020 quorum
647 973 795 1021 quidem
814 1001 823 1015 ‚
860 975 923 1022 qui
943 975 1172 1021 nuperrimus
1196 975 1246 1012 est
1262 1004 1272 1018 ,
1303 976 1338 1012 &
1367 975 1512 1025 reliquis
1532 978 1654 1014 curio-

56 1028 126 1067 fior
142 1057 152 1071 ‚
193 1030 253 1066 has
271 1029 375 1067 fibras
403 1031 747 1080 labyrinthum(h)
771 1040 899 1074 vocat,
933 1045 951 1068 a
978 1034 1030 1069 rei
1055 1034 1202 1070 veritate
1228 1034 1349 1072 vitius.

117 1089 298 1126 Caeterum
327 1092 362 1126 in
387 1089 458 1126 hoc
475 1118 484 1132 ‚
508 1091 609 1139 quod
635 1091 710 1127 dixi
735 1090 856 1139 septo,
901 1090 1035 1128 finister
1065 1090 1159 1129 finus
1181 1092 1312 1131 dextro
1334 1094 1510 1143 posterius
1532 1095 1654 1144 opposs

55 1145 139 1184 fitus
158 1148 354 1185 conservet.
377 1147 458 1186 Pars
473 1151 548 1196 ejus
566 1149 835 1196 conjunstionis
862 1149 1027 1187 cellulosa
1051 1151 1119 1188 tela
1147 1150 1186 1188 fit
1203 1180 1213 1193 ‚
1255 1161 1296 1190 ut
1323 1166 1388 1202 per
1407 1154 1563 1203 aliquam
1581 1155 1650 1194 suae

54 1205 297 1255 longitudinis
313 1216 451 1256 partem
468 1208 638 1245 dextrum
655 1207 769 1246 finum
783 1222 800 1245 a
822 1208 959 1247 sinistro
974 1209 1119 1246 illaesum
1132 1210 1286 1260 separare
1298 1212 1405 1260 poffis
1424 1225 1433 1249 :
1458 1215 1493 1249 in
1516 1226 1553 1250 ea
1570 1226 1650 1263 par-

53 1273 89 1303 te
115 1268 246 1314 cuique
274 1265 363 1304 linui
384 1265 452 1304 suae
478 1269 632 1316 proptiae
664 1267 762 1306 fibrae
785 1267 875 1305 sunt.
905 1267 949 1306 In
972 1269 1109 1317 reliqua
1135 1278 1233 1318 parte
1266 1273 1392 1320 utique
1417 1284 1494 1310 non
1520 1285 1649 1321 proce-

53 1324 107 1361 dit
135 1325 306 1374 separatio
326 1354 336 1368 ,
365 1328 455 1375 quin
480 1327 616 1376 aliquas
631 1339 780 1374 ‘carneas
803 1327 907 1365 fibras
930 1327 1083 1370 laceres,
1108 1340 1193 1366 cum
1215 1342 1284 1374 eae,
1309 1343 1387 1380 quae
1412 1331 1528 1369 dextri
1552 1332 1647 1370 finus

51 1384 152 1426 sunt,
177 1396 262 1421 cum
284 1386 325 1421 iis
351 1386 552 1423 intertextae
569 1387 640 1432 (i)
669 1385 894 1429 cohaereant,
923 1399 1002 1436 quae
1019 1387 1062 1424 ad
1092 1387 1270 1426 finistrum
1293 1391 1497 1438 pertinent:
1534 1404 1647 1429 unus-

53 1454 124 1492 que
144 1443 276 1480 solidus
296 1444 550 1493 integerrimus
572 1446 759 1495 utriusque
780 1445 874 1483 finus
895 1447 1009 1496 paries
1029 1445 1078 1483 fit.
1107 1445 1310 1486 Exteriores
1333 1457 1523 1492 caeterum,
1556 1451 1647 1487 dex-

52 1509 112 1539 trae
135 1504 243 1550 partis
259 1502 346 1550 septi
363 1505 504 1540 aurium
520 1503 635 1546 fibrae,
669 1507 706 1541 in
736 1505 944 1543 universum
966 1505 1164 1544 transversae
1190 1506 1293 1551 sunt,
1334 1510 1523 1547 interiores
1554 1521 1645 1548 con-

50 1563 165 1599 trariis
188 1562 376 1600 itineribus
406 1561 440 1599 se
461 1561 646 1601 decussant
670 1563 769 1612 (k).

499 1667 533 1709 §-
567 1661 619 1702 X.
694 1661 927 1702 Tuberculttm
960 1663 990 1703 L
1004 1676 1074 1704 ow
1089 1676 1109 1702 E
1122 1677 1143 1704 R
1158 1678 1184 1704 ι,

106 1767 279 1807 Faciliora
300 1768 406 1813 sunt,
436 1782 516 1820 quae
540 1771 584 1809 ad
607 1772 862 1810 absolvendam
884 1773 980 1811 finus
1003 1773 1120 1812 dextri
1147 1775 1331 1813 historiam
1358 1776 1543 1815 addemus,
1579 1777 1639 1817 De

48 1839 86 1865 ea
112 1837 232 1866 autem
260 1832 415 1866 omnino
446 1839 594 1879 oportet
620 1834 770 1880 rejicere
786 1833 927 1870 celebre
944 1833 1032 1871 illud
1061 1833 1273 1872 Lowssal
1298 1835 1366 1881 (l)
1394 1837 1633 1882 tuberculum2

48 1888 150 1935 quod
175 1899 220 1924 ex
245 1888 399 1935 subjecta
422 1891 647 1939 pinguedine
672 1892 806 1930 elatum
822 1921 832 1935 ‚
868 1894 960 1929 inter
981 1905 1109 1931 venam
1136 1906 1257 1930 cavam
1283 1895 1501 1942 superiorem
1530 1897 1564 1932 &
1582 1898 1637 1932 in<

48 1945 216 1983 seriorem
244 1948 283 1983 in
314 1948 451 1995 angulo
476 1951 651 1998 ponitur,
687 1962 797 1999 quem
821 1963 860 1989 ea
886 1952 967 1989 sede
995 1952 1048 1990 Cl,
1071 1952 1209 1990 Auctor
1237 1952 1428 2003 depingit,
1472 1955 1507 1992 ἃ
1537 1964 1635 1992 exte-

1560 2026 1633 2053 nus

85 2083 163 2120 (c)
187 2085 273 2119 Ivslz't.
301 2087 341 2116 rei
365 2087 445 2116 Med.
475 2096 502 2116 n.
535 2096 599 2123 ης.
623 2088 677 2118 &a

84 2127 135 2162 (d
157 2133 164 2158 )
185 2130 228 2157 De
241 2126 355 2164 fimrica
382 2129 538 2160 auricular.
566 2131 642 2159 cord.
669 2128 708 2165 &J
733 2131 767 2159 de
792 2128 985 2170 erubescenti&

83 2168 123 2200 (e
148 2169 159 2201 )
181 2169 189 2197 Ι
225 2178 241 2197 c
325 2179 369 2200 4ο,
396 2180 430 2203 41

82 2206 161 2243 (f)
187 2178 339 2246 Repovgyed
364 2211 400 2238 W.
432 2211 476 2240 W
508 2220 527 2249 p
562 2213 579 2241 ⁶
623 2220 642 2248 7

83 2248 159 2284 (ς)
183 2259 200 2286 Ρ
241 2259 270 2277 ·0
329 2249 402 2288 stqq·

83 2288 131 2324 (h
149 2289 160 2312 N
184 2298 201 2325 p
238 2298 303 2322 τοο.

83 2330 123 2363 (ι’
148 2332 157 2360 ἢ
181 2329 213 2359 ln
237 2329 485 2368 foveaintenjeeta
505 2332 649 2364 SrwAc
677 2332 712 2365 Τ.
747 2342 792 2364 10.
812 2333 835 2368 f.
863 2344 888 2365 1.
910 2332 935 2374 fi
958 2344 987 2374 g.
1012 2345 1041 2374 g.
1066 2334 1324 2370 vlnussRNs
1357 2348 1385 2380 p.
1411 2350 1454 2376 41,

85 2370 373 2404 (k)5sNAcT
407 2382 432 2408 9.
461 2373 476 2402 f
506 2383 521 2403 τ.
562 2382 584 2411 3.

85 2410 131 2446 (l
155 2416 161 2432 x,
184 2411 191 2438 l
232 2421 248 2439 c
277 2421 305 2450 p.
336 2420 370 2449 ¹4

128 2453 257 2493 Hallcr
285 2455 472 2505 Plaffiulog.
521 2457 631 2497 Toni.
664 2458 689 2498 L
1236 2463 1270 2503 R
1299 2475 1315 2502 ι
