2003 2748
371 139 556 179 SEC'T.
593 139 702 179 III.
737 137 1378 187 CORDISFABRICA.‚
1578 146 1654 186 385·

452 252 484 295 §-
520 247 562 287 X
576 247 618 287 X
634 241 675 287 X
691 248 709 286 Ι
724 247 775 287 Χ.
844 246 941 297 Vasa
956 248 1070 286 cordis
1090 246 1309 301 lymphatica.

133 356 228 406 Vasa
240 369 328 396 vero
351 369 368 396 a
383 357 500 396 rubris
511 357 598 399 alia,
624 355 835 405 lymphatica
850 385 860 399 ‚
885 355 1085 399 valvulosa‚
1109 356 1236 406 utique
1255 363 1349 395 certa
1360 354 1431 395 fide
1441 359 1480 396 in
1499 360 1661 398 animali-

66 416 134 455 bus
157 417 291 454 detedta
304 417 385 455 sunt
399 445 408 460 ,
432 428 552 465 neque
563 416 607 453 ab
620 414 782 454 humano
797 415 909 454 corde
933 415 1112 463 ejusmodi
1129 428 1237 453 venas
1257 415 1371 453 abesse
1388 418 1576 466 probabile
1596 418 1656 463 fit,

66 486 150 513 cum
166 487 226 523 par
253 478 378 525 utique
390 486 511 512 earum
526 476 563 511 in
576 473 729 512 homine
741 473 920 512 neceffitas
934 474 1001 512 effe
1012 474 1186 517 videatur,
1205 486 1284 523 quae
1297 475 1382 512 fecit
1395 504 1404 518 ,
1428 483 1468 514 ut
1479 478 1515 514 in
1526 479 1662 516 anima-

65 533 156 571 lium
174 534 284 571 corde
307 547 324 570 a
347 542 470 571 natura
489 533 756 570 fabricarentur.
784 532 925 570 Primus
940 532 1048 570 Olaus
1064 530 1226 573 RUDBEK
1248 534 1266 580 (
1278 533 1327 580 a>
1347 531 1390 571 ad
1412 535 1558 574 duflum
1573 536 1660 587 chy-

65 592 208 630 liferum
236 593 346 640 usque
369 593 445 630 vasa
472 591 602 641 aquosa
631 591 804 634 deduxit,
838 591 923 629 inde
949 592 1123 629 Antonius
1144 592 1288 631 Nucx
1319 592 1406 640 (h).
1451 592 1660 644 Nuperiora

66 653 311 699 experimenta
326 651 407 689 sunt
428 650 575 699 infignis
597 651 665 688 viri
685 650 883 689 Abrahami
902 649 935 689 K
948 661 970 688 Α
983 662 1005 688 Α
1018 662 1041 688 υ
1055 663 1092 689 w
1115 652 1210 699 (c),
1241 653 1304 701 qui
1324 651 1495 702 peculiari
1515 653 1659 693 enchei-

64 709 128 746 refi
149 710 228 747 usus
245 737 254 752 ,
285 711 320 747 &
349 722 387 747 ea
408 711 483 748 vasa
507 711 545 747 in
576 710 688 748 corde
715 709 893 755 ostendit,
937 711 973 747 &
999 721 1078 748 aere
1106 722 1177 759 ope
1196 710 1312 749 antliae
1332 711 1474 761 inpulso
1495 712 1655 763 replevit.

63 767 196 807 Nodos
212 797 220 811 ,
257 769 307 805 ob
338 768 495 807 valvulas
523 769 773 818 interpositos,
814 770 1072 807 demonstravit
1091 769 1221 807 Petrus
1257 781 1287 807 v.
1319 769 1361 808 M
1381 784 1401 808 υ
1422 784 1437 808 s
1453 785 1468 809 s
1490 784 1510 809 c
1530 785 1556 809 Η
1576 785 1595 811 Ε
1614 785 1659 810 N-

65 838 85 864 B
105 840 127 863 R
143 840 166 865 o
186 840 204 864 E
222 840 242 864 c
259 840 282 864 ι(
314 828 372 876 (ci
392 827 417 876 ).
470 826 540 865 Pro
571 827 656 865 vafis
703 827 931 877 lymphaticis
960 830 1068 865 etiam
1110 827 1242 874 jacobi
1272 828 1343 867 Ho
1357 842 1379 866 v
1397 842 1408 866 1
1426 842 1438 867 1
1478 833 1496 878 (
1514 843 1530 868 e
1549 833 1565 877 )
1597 845 1659 869 ex-

63 888 305 935 perimentum
331 887 442 924 exstat
459 915 468 930 ‚
504 887 539 923 δι
558 899 630 935 ego
652 887 689 924 in
703 889 846 924 vivente
870 884 1025 936 capella,
1052 887 1115 924 sub
1131 899 1214 924 aure
1231 886 1383 930 finistra,
1414 901 1494 926 vera
1521 891 1556 926 &
1587 891 1660 928 val-

64 945 184 982 vulosa
209 946 282 982 vidi
306 944 393 994 (f).
443 945 616 995 Denique
634 945 669 996 J.
694 946 895 983 fridericus
920 945 986 984 CA
1000 958 1014 983 s
1027 959 1041 983 s
1054 958 1073 983 E
1087 958 1106 983 B
1120 958 1181 983 on
1195 959 1223 984 M
1255 948 1337 996 (g)
1361 948 1510 985 unicum
1530 977 1539 991 ‚
1574 947 1659 988 flatu

63 1003 127 1042 sub
177 1005 425 1041 membranam
467 1004 587 1042 cordis
635 1003 777 1043 inmiffo
825 1016 884 1043 vas
925 1004 1187 1055 lymphaticum
1224 1005 1315 1043 vidit
1342 1034 1351 1048 ,
1426 1008 1461 1044 δε
1506 1007 1659 1058 discipu-

64 1061 119 1099 lus
147 1063 199 1100 Cl.
238 1065 303 1099 viri
328 1063 357 1112 J.
387 1063 583 1101 Zacharias
605 1063 728 1102 PETs
745 1075 836 1101 cnr:
863 1063 954 1111 (h)
985 1063 1070 1102 vasls
1094 1063 1217 1113 aquosl
1243 1065 1432 1108 meminit,
1471 1068 1573 1115 quod
1598 1080 1658 1105 ve-

64 1134 127 1158 nas
149 1125 354 1159 coronarias
375 1135 392 1159 a
416 1122 486 1160 bafi
518 1123 562 1159 ad
579 1125 718 1172 apicem
747 1125 962 1161 comitatum
987 1122 1036 1160 fit.
1081 1124 1187 1169 Quin
1215 1124 1306 1161 adeo
1334 1125 1372 1161 in
1401 1124 1552 1163 homine
1582 1127 1658 1166 vasa

64 1181 241 1228 pellucida
271 1183 308 1217 in
337 1183 448 1218 corde
473 1184 696 1229 reperiantur
713 1207 724 1224 ,
761 1183 911 1219 minime
941 1181 1071 1220 dubito
1091 1210 1100 1226 ,
1144 1182 1205 1220 etfi
1226 1195 1345 1233 neque
1366 1196 1438 1233 ego
1462 1185 1562 1229 vidi,
1595 1199 1659 1223 ne-

65 1250 135 1288 que
163 1238 212 1275 lll.
242 1239 331 1276 San
349 1250 405 1276 Ac
427 1238 524 1290 [i]

539 1399 562 1437 S
621 1397 651 1436 E
713 1399 744 1438 C
804 1400 840 1438 T
898 1399 916 1438 I
977 1400 1014 1440 O
1110 1402 1127 1440 Ι
1145 1402 1191 1440 V.

403 1506 459 1546 Μ
505 1507 536 1544 O
589 1507 626 1545 T
673 1507 708 1545 U
752 1507 780 1546 S
859 1509 888 1546 C
934 1509 965 1547 O
1011 1508 1046 1548 R
1091 1510 1129 1548 D
1174 1508 1201 1546 I
1228 1509 1262 1547 S.

495 1619 526 1662 ᾗ.
560 1615 586 1654 Ι.
656 1616 776 1670 Systole
808 1617 913 1655 Cordi
932 1629 1001 1655 non
1028 1617 1213 1656 naturalis.
1246 1603 1250 1605 ‘

123 1724 233 1763 Ordo
259 1725 358 1763 ducit
381 1724 424 1762 ad
447 1724 630 1763 hIstoriam
660 1732 783 1764 motus
811 1726 930 1764 cordis
947 1754 955 1769 ,
991 1726 1135 1776 qualem
1159 1735 1327 1766 anatome
1351 1729 1388 1765 in
1412 1730 1502 1767 vivis
1523 1731 1659 1767 anima-

63 1783 156 1822 libus
178 1785 342 1822 ostendit.
379 1783 412 1821 Is
437 1792 558 1822 motus
583 1792 682 1822 totus
704 1788 742 1822 in
762 1786 1008 1823 contradlione
1038 1788 1211 1835 ponitur,
1249 1801 1319 1838 qua
1340 1787 1464 1825 eadem
1491 1801 1659 1827 commu-

64 1845 118 1880 nis
142 1846 307 1882 oninium
324 1843 572 1882 musculorum
600 1844 738 1882 funffio
766 1844 968 1882 absolvitur.
1012 1844 1115 1888 Dum
1146 1848 1244 1883 enim
1275 1847 1404 1884 animal
1438 1849 1544 1890 vivit,
1594 1860 1658 1885 cor

64 1914 149 1939 cum
173 1903 308 1940 summa
332 1902 510 1939 celeritate
536 1904 571 1939 &
593 1902 902 1941 vehementiffimo
923 1905 1062 1952 impetu
1079 1905 1330 1946 contrahittit3
1366 1905 1552 1953 languenti
1570 1918 1659 1943 con-

64 1966 115 1998 tra
149 1961 295 1999 animali
319 1960 473 1998 debilior
505 1961 701 1999 contractio
721 1989 731 2004 ,
772 1969 922 2000 mortuo
951 1962 1048 2000 nulla
1070 1963 1119 1999 est
1135 1990 1144 2005 ‚
1187 1965 1268 2003 vitae
1300 1963 1390 2001 adeo
1415 1963 1485 2004 filia
1510 1966 1658 2004 virium-

1587 2037 1657 2073 que

207 2118 249 2146 De
261 2113 327 2154 ι[ὶινο
345 2113 456 2154 ejusque
480 2113 561 2154 vasis.

205 2156 289 2194 Epr'fl.
321 2158 354 2186 de
375 2167 437 2186 nov.
457 2158 566 2186 invent.
593 2166 620 2195 p.
652 2164 717 2196 143.

205 2202 327 2236 n,·6:9.
357 2198 419 2232 631.
450 2202 517 2235 632.

208 2238 239 2267 In
263 2239 331 2275 disp.
355 2240 387 2267 aie
409 2249 475 2267 aere
499 2248 526 2276 p.
559 2248 600 2276 19⁴
627 2237 738 2268 Recusa
764 2237 802 2268 est
830 2238 857 2268 in
879 2234 948 2268 Vol.
977 2235 1024 2269 lv.
1053 2236 1230 2271 collectionis
1257 2248 1336 2271 mem.

206 2281 248 2307 De
272 2280 369 2308 (ircul.
393 2279 502 2308 hzmror.
522 2287 571 2316 per
592 2280 705 2308 oculum
733 2289 758 2316 p.
784 2285 830 2315 89.

213 2320 318 2348 Second
343 2321 488 2349 Memoire
506 2318 562 2357 fin·
587 2321 609 2348 le
625 2327 804 2349 mouvenwnt
831 2320 870 2348 du
884 2317 982 2360 sang.-
997 2318 1071 2359 Exp-
1095 2328 1163 2360 521.

203 2359 240 2428 lln
263 2359 352 2388 codice
380 2359 413 2390 Μ
449 2360 476 2391 S.
504 2361 548 2392 Cl.
574 2361 647 2397 viri,
681 2370 766 2399 quem
789 2359 926 2399 possideo,

245 2409 268 2429 c.
299 2409 325 2429 n.
352 2406 399 2435 81.

207 2438 242 2469 T.
262 2439 298 2470 ΙΙ,
325 2451 350 2478 p.
381 2442 450 2476 681.
476 2443 545 2479 682.

142 2483 275 2531 *Haller
301 2484 488 2535 Phyfiokg,
539 2486 647 2526 Tom.
682 2484 708 2527 l,
1235 2489 1265 2527 C*
1281 2502 1299 2530 c
1315 2491 1335 2532 ὁ

101 2115 118 2475 ΑᾹΑΛΑΛΛΑΛ

136 2368 155 2395 on
135 2288 161 2354 *ηπ
136 2238 155 2265 a„
138 2207 153 2226 e>
136 2159 153 2185 Q
135 2127 152 2145 z

134 2399 146 2426 s..

169 2116 189 2471 »κψυψυψυυυ

140 2409 152 2426 J

138 2449 148 2467 Ν
