2003 2748
338 140 528 184 ’3ΕοΊῖ
564 139 672 184 ΙΙΙ.
709 135 1314 184 CORDISFABRICA‘.
1551 152 1630 190 333

39 253 121 281 rum
146 242 253 279 etiam
276 241 402 279 finium
424 241 630 279 effunditur.
665 239 821 289 Id·‘saepe
846 239 947 282 vidi,
981 246 1020 277 ut
1045 239 1098 277 hae
1120 237 1269 276 valvulae
1294 242 1379 276 totae
1407 236 1521 276 craffae
1542 239 1637 287 rige.'

42 309 147 344 rent,
189 313 307 350 neque
340 314 358 338 a
389 301 456 339 suis
484 300 650 338 musculis
689 301 803 348 regi,
853 306 913 336 aut
961 310 979 336 a
1017 298 1193 347 sanguine
1230 299 1273 335 de
1319 299 1430 336 corde
1472 297 1633 347 expresso

42 361 166 409 inpelli
200 359 348 409 possent.
380 360 510 402 Dnrae,
543 371 607 408 per
625 358 682 396 fila
702 354 793 395 ossea
820 359 949 400 unitae,
989 358 1182 406 parietibus
1218 357 1338 395 cordis
1368 356 1549 407 adplicatae
1577 357 1628 396 In.

43 420 135 457 SEN
151 431 241 457 aco
266 420 351 467 (le)
377 419 453 457 visae
480 418 586 456 sunt:
622 418 658 454 &
688 417 732 454 ad
762 417 826 454 alia
851 416 1016 465 exempla
1044 419 1191 454 remitto
1216 415 1301 467 (l).

526 530 558 571 5.
594 524 702 564 VII.
770 523 931 562 Valvulae
956 523 1150 572 sigillatim.

103 636 265 674 Multum
277 634 408 672 laboris
419 633 568 687 inpendi
584 663 593 678 ,
615 641 656 672 ut
667 630 853 672 definirem
866 662 874 677 ,
899 641 990 684 quot
1001 634 1068 671 sint
1080 635 1234 672 veriores
1246 635 1411 685 produiti
1426 634 1512 672 fines
1526 634 1633 683 hujus

43 695 190 732 valvulae
204 723 213 737 ,
237 706 307 743 qua
319 707 470 744 quaeque
482 692 562 731 sede
577 693 884 732 circumscribatur
901 722 911 736 ,
944 694 979 731 δι
993 707 1100 745 quam
1122 695 1274 732 universi
1287 695 1408 732 circuli
1422 696 1633 743 portionem

44 753 192 804 quisque
209 761 371 803 occupet.
403 753 496 792 Ecce
508 766 587 803 quae
612 766 657 791 ex
686 753 884 792 numerosis
917 756 1171 804 experimentis
1199 753 1377 803 collegisse
1393 754 1516 792 datum
1542 754 1599 792 est.

103 813 284 862 Praecipua
301 812 477 856 Valvula,
510 812 580 850 five
595 813 775 860 produfflo
795 812 893 849 anuli
912 812 1027 860 venosi
1041 814 1243 851 constanter
1259 813 1335 851 satis
1356 815 1514 850 anterior
1535 807 1637 861 (m)

46 873 96 910 est
132 874 167 910 ὃς
190 871 356 921 superior
371 900 379 915 ,
417 873 452 909 &
468 872 511 909 ab
533 873 666 909 arteriae
682 871 900 921 pulmonalis
920 872 1011 908 ostio
1040 872 1083 908 ad
1103 874 1305 920 marginem
1335 873 1454 908 cordis
1485 879 1634 910 acutum

48 931 230 970 descendit
245 960 254 975 ,
307 933 344 969 &
386 931 511 969 eadem
542 944 634 980 pene
669 931 855 968 dimidiam
881 941 1017 980 partem
1069 931 1165 968 anuli
1205 930 1375 968 valvulosi
1401 931 1472 968 sola
1497 930 1630 973 efficit,

45 992 267 1040 longiusque
288 990 407 1028 versus
428 1003 641 1028 mucronem
656 990 879 1039 producitur.
905 988 991 1028 Eam
1003 990 1054 1027 Ill.
1076 990 1203 1027 Seme
1219 991 1272 1038 (n
1287 989 1480 1040 >expressit
1494 1019 1503 1032 ,
1529 991 1564 1028 ὃς
1585 989 1636 1027 al«

46 1057 99 1088 ter
124 1054 177 1087 vir
205 1050 256 1088 Ill.
297 1048 559 1098 Chrfflophorus
588 1048 745 1096 jacobus
775 1048 923 1086 Tnssw
949 1048 1038 1098 (ο).
1074 1048 1207 1086 Eadem
1239 1049 1375 1087 aditum
1404 1051 1440 1086 in
1469 1051 1635 1087 arteriam

47 1109 296 1159 pulmonalem
319 1116 494 1158 quantum
519 1108 667 1158 quidem
696 1108 813 1157 potest
840 1110 1023 1157 protegit,
1059 1120 1137 1158 quae
1163 1110 1286 1145 arteria
1316 1108 1507 1146 sinisterior
1531 1108 1635 1158 supe=

46 1170 121 1210 rior
142 1169 177 1205 &
198 1168 375 1217 posterior
399 1179 445 1204 ex
466 1169 635 1205 anteriori
656 1167 858 1205 ventriculo
880 1166 1045 1216 procedit
1062 1180 1071 1213 3
1102 1174 1222 1205 totum
1242 1180 1326 1206 vero
1346 1168 1478 1205 ostium
1493 1167 1635 1205 claude-

46 1239 84 1264 re
109 1228 255 1276 nequit,
290 1228 391 1274 cujus
406 1224 636 1275 amplitudini
653 1239 729 1263 non
747 1226 966 1275 respondeat.
1003 1225 1100 1264 Hinc
1115 1226 1245 1264 factum
1266 1227 1315 1264 est
1330 1255 1338 1268 ,
1362 1234 1401 1264 ut
1426 1228 1634 1276 nuperrime

46 1285 220 1335 josephus
238 1284 268 1323 L
284 1297 296 1322 1
312 1297 331 1322 E
345 1297 366 1322 υ
381 1297 404 1322 T
417 1297 439 1321 Α
452 1297 473 1322 υ
486 1298 510 1323 D
533 1288 550 1334 <
567 1289 606 1323 0*
625 1283 637 1326 )
659 1285 751 1323 hanc
769 1285 946 1323 valvulam
962 1286 1092 1323 dixerit
1108 1285 1232 1334 cloison
1247 1285 1449 1323 valvulaire
1464 1314 1473 1328 ,
1498 1287 1532 1322 ὃς
1549 1298 1635 1323 ven«

48 1345 218 1383 triculum
233 1345 401 1383 dextrum
420 1347 455 1381 in
472 1345 559 1382 duas
576 1357 709 1388 caveas,
729 1345 961 1382 auricularem
985 1346 1020 1381 &
1039 1345 1254 1386 arteriosam,
1280 1345 1439 1382 dividere
1450 1345 1635 1394 scripserit.

46 1403 135 1442 Vidi
159 1406 362 1453 bipartitam
392 1402 514 1446 fuisse,
550 1405 586 1441 &
616 1404 810 1441 discrimini
838 1404 991 1441 duarum
1020 1406 1176 1453 partium
1207 1404 1408 1444 musculum
1435 1405 1638 1442 maximum

47 1464 81 1501 se
101 1462 285 1506 inmisiffe,
307 1463 423 1512 adque
442 1470 632 1512 utramque
649 1463 729 1501 suos
743 1462 887 1501 emisisse
905 1463 1080 1500 tendines.

107 1522 150 1560 In
167 1522 258 1560 hanc
274 1551 283 1565 ,
317 1521 342 1558 fi
354 1523 535 1559 brevitatis
546 1524 657 1570 gratia
668 1524 902 1571 impropriam
915 1534 1044 1560 vocem
1058 1522 1221 1560 excusare
1233 1522 1317 1560 licet
1328 1552 1336 1565 ,
1363 1522 1556 1565 valvulam,
1578 1528 1638 1561 aut

49 1594 142 1621 unus
170 1581 349 1619 musculus
366 1610 375 1624 ,
411 1581 470 1618 sed
502 1581 671 1630 grandis,
707 1582 743 1619 &
770 1581 858 1631 saepe
882 1582 1003 1631 biceps
1025 1609 1036 1627 ,
1066 1582 1099 1619 se
1124 1584 1298 1624 inmittit,
1333 1591 1393 1620 aut
1428 1582 1502 1620 duo
1528 1582 1635 1630 (p),

51 1642 109 1679 vel
133 1653 232 1691 aeque
258 1642 403 1689 magni,
435 1640 492 1678 vel
509 1641 724 1690 inaequale33
756 1641 805 1677 est
820 1642 925 1678 etiam
940 1642 1002 1678 ubi
1020 1647 1089 1678 tres
1103 1641 1260 1690 denique
1280 1669 1289 1683 ,
1321 1642 1356 1679 ὃς
1377 1650 1532 1691 quatuor
1559 1653 1640 1678 om-

49 1701 161 1743 nino,
194 1700 374 1738 musculos
399 1699 433 1737 se
465 1701 503 1736 in
530 1712 640 1737 unam
666 1699 759 1737 hanc
789 1698 967 1738 valvulam
994 1699 1170 1738 inseruisse
1206 1699 1287 1737 vidi.
1328 1700 1397 1737 Sed
1428 1702 1534 1738 etiam
1559 1700 1640 1738 alia-

50 1771 130 1797 rum
159 1760 381 1797 valvularum
413 1758 564 1796 musculi
596 1758 682 1796 huic
707 1758 896 1797 tendinum
927 1759 1073 1797 suorum
1102 1767 1241 1809 partem
1271 1760 1461 1797 inmittunt
1481 1757 1575 1809 (q).

108 1818 182 1856 Sub
192 1819 259 1856 hac
273 1818 420 1860 valvula,
442 1818 486 1855 ad
503 1816 778 1856 acutum'cordis
790 1820 991 1867 marginem
1006 1819 1132 1857 anulus
1148 1817 1300 1856 venosus
1313 1819 1559 1867 perangustuS,
1578 1819 1641 1858 vix

51 1878 180 1916 lineam
192 1878 282 1916 latus
295 1878 343 1915 est
359 1906 368 1920 ,
390 1889 499 1926 quam
515 1877 663 1927 quidem
675 1877 792 1915 sedem
806 1890 873 1926 pro
885 1878 1073 1915 intervallo
1091 1878 1243 1915 duarum
1262 1877 1485 1915 valvularum
1496 1877 1634 1915 habeas.

108 1936 261 1975 Valvula
289 1935 436 1984 inferior
457 1938 614 1973 anterior
633 1935 703 1973 five
720 1938 895 1983 marginis
907 1938 1020 1978 acuti,
1051 1937 1139 1985 saepe
1167 1935 1405 1984 angustissima
1424 1963 1433 1978 ‚
1470 1943 1639 1974 caeterum

51 1994 129 2032 satis
159 1995 293 2043 longa,
328 1995 366 2031 δε
403 2005 668 2043 nonnunquam
697 1996 810 2045 priori
833 2006 926 2043 pene
956 1995 1124 2044 aequalis,
1160 1996 1309 2044 ponitur
1339 1996 1472 2044 partim
1500 1997 1537 2031 in
1564 1995 1639 2044 pla-

52 2065 103 2092 no
129 2053 323 2104 superiori,
358 2053 394 2091 ἃ
416 2054 595 2103 partimin
615 2065 678 2096 eo,
711 2052 812 2102 quod
829 2052 928 2103 septo
950 2054 1147 2092 transverso
1170 2052 1317 2096 insidet,
1352 2053 1469 2090 versus
1494 2066 1640 2092 mucro-

995 2112 1029 2150 T
1060 2120 1075 2150 t
1139 2123 1157 2156 3
1553 2125 1644 2152 nem·

193 2177 335 2239 Granulig)
351 2177 497 2246 tophgceis
513 2208 644 2239 obdmstae
665 2209 694 2238 in
715 2208 892 2247 apoplectico
917 2208 972 2238 Nn
985 2218 1000 2238 Β
1012 2217 1030 2238 1
1042 2218 1061 2241 1.
1083 2208 1115 2238 de
1134 2208 1247 2246 coagulo
1263 2209 1326 2237 bilis
1343 2217 1372 2246 p.
1396 2212 1420 2239 6.
1443 2210 1495 2239 &a

197 2251 297 2279 Prima
314 2250 343 2278 in
360 2249 418 2278 diff.
444 2250 477 2278 de
494 2256 574 2278 motu
585 2248 668 2288 sang.
693 2258 743 2286 per
763 2259 816 2279 cor.
837 2259 863 2279 n.
893 2258 918 2286 3.

197 2289 213 2319 1¹
235 2300 259 2320 c.
285 2289 371 2319 Tom.
393 2288 432 2320 11.
462 2300 490 2328 p.
520 2294 587 2328 639.
611 2290 669 2321 tab.
688 2290 741 2320 Xl.
762 2292 786 2320 h.
812 2291 838 2321 b.
863 2291 891 2319 h.

195 2333 237 2360 De
259 2329 348 2367 dzff'er.
376 2331 453 2358 inter
475 2336 536 2359 nat.
562 2331 599 2366 ἓξ
613 2341 671 2360 non
688 2337 747 2360 nat.
767 2330 814 2369 fig.
837 2340 886 2366 45.

205 2371 298 2401 Mem.
321 2371 353 2398 de
376 2370 482 2399 I'Acad
501 2371 546 2399 des
563 2368 667 2408 scinne.
692 2381 776 2407 ¹752·
800 2381 827 2409 p.
859 2378 924 2408 3²¹·
953 2378 1018 2408 3¹22,

198 2410 278 2440 Duos
297 2409 384 2440 habet
404 2411 449 2440 St
462 2420 481 2438 n
495 2420 512 2438 Α
525 2420 542 2439 e
563 2411 582 2439 l.
602 2421 625 2440 c.
646 2411 675 2441 F.
701 2411 734 2442 G.

194 2450 269 2482 Huc.
300 2451 391 2481 refero
416 2451 501 2481 verba
521 2451 644 2488 ejusdem
664 2452 717 2484 viri
733 2451 776 2482 111.
800 2453 838 2482 les
861 2451 933 2483 deux
957 2451 1041 2481 hords
1068 2452 1102 2482 de
1126 2453 1234 2493 chaque
1258 2453 1338 2490 pilier
1360 2461 1388 2491 p.
1417 2461 1485 2489 214.

121 2259 139 2278 ἕ
129 2211 141 2238 Ν
124 2170 141 2198 ³·-

156 2169 183 2489 ψψνυυυυν

140 2260 150 2278 2

123 2300 144 2398 00}

138 2370 154 2384 ᾳ

92 2167 110 2479 ›samar-*mnf*

127 2418 147 2490 *Q'Q

102 2479 111 2487 x
