2003 2748
329 172 412 214 120·
833 128 1132 205 ‘LJBf'M>
1174 163 1403 204 VASA:

325 277 386 309 aut
410 269 564 306 omnino
595 264 787 303 celeriora:
832 261 1002 312 exempto
1035 261 1302 311 perspirationis
1333 259 1598 305 Sanctorianaes
1633 262 1803 312 exemplo
1831 265 1849 312 (
1865 262 1916 311 t)

325 329 490 378 inprimis
507 324 636 374 liquidi
653 352 662 367 ‚
696 322 800 373 quod
814 334 948 360 nervos
971 320 1138 371 perfluit,
1164 321 1208 372 v&
1229 319 1394 359 sensuum
1410 320 1655 371 impreffiones
1671 321 1715 359 ad
1730 323 1920 360 cerebrum

324 387 458 437 perfert
495 385 554 433 (u
569 384 595 430 ).

386 445 549 493 Reponit
574 445 707 482 iterum
730 441 877 481 Illustris
896 441 918 478 S
932 451 951 478 Ε
964 451 988 477 N
1001 452 1022 477 A
1037 452 1056 477 c
1070 452 1091 477 u
1107 453 1122 477 s
1147 439 1260 489 (x),
1296 451 1372 478 non
1394 439 1496 478 valde
1518 440 1686 480 retardari
1712 439 1851 489 liquida
1873 446 1924 477 te-

325 506 464 543 nuiora.
500 502 642 540 Verum
658 515 697 540 ea
713 501 906 539 retardatio
919 528 928 543 ,
964 512 1043 549 quse
1059 499 1100 536 fit
1115 512 1133 536 a
1155 511 1341 538 ramorum
1362 499 1465 538 audo
1482 500 1619 539 lumine
1632 531 1641 545 ,
1678 502 1714 538 ὃς
1744 512 1783 537 ea
1796 532 1806 547 ‚
1845 511 1923 549 quae

325 564 365 602 fit
385 576 403 600 a
424 564 514 600 rami
539 563 658 600 conici
681 560 937 609 convergentis
963 559 1171 596 dilatatione
1187 587 1196 601 ‚
1226 559 1383 607 indeque
1399 555 1683 610 nataffristione,
1720 570 1758 596 ea
1773 560 1924 613 inquam

326 624 559 660 decrementa
591 621 719 658 eadem
750 620 855 662 sunt,
898 630 1155 668 quamcunque
1184 619 1397 657 tenuitatem
1429 620 1465 657 &
1496 620 1744 671 quodcunque
1773 620 1923 672 pondus

323 681 533 732 specificum
553 679 751 718 fluidorum
780 678 948 729 posueris.
1016 680 1041 704 ⁰

734 855 1061 896 SECTIO
1112 856 1181 895 II.
1251 854 1509 896 VENAE

848 971 880 1012 §-
915 966 941 1005 Ι.
1011 966 1052 1005 V
1047 978 1115 1004 enae
1131 969 1170 1004 in
1195 964 1406 1016 univerfitm.

464 1077 530 1116 ΖΕΘ
563 1076 671 1115 claffis
704 1076 869 1114 vasorum
900 1077 939 1113 in
969 1074 1176 1115 universum
1204 1075 1300 1125 apud
1322 1074 1474 1114 Veteres
1504 1079 1638 1115 arteriis
1670 1080 1795 1117 notior
1828 1079 1928 1124 fuit:

471 1136 656 1185 magisque
674 1135 825 1173 exculta.
862 1134 958 1173 Cum
980 1135 1077 1172 enim
1101 1135 1137 1171 δι
1163 1135 1382 1173 morborum
1412 1136 1510 1173 sedes
1537 1139 1574 1174 in
1602 1139 1702 1175 venis
1736 1141 1754 1187 (
1765 1151 1791 1185 y
1812 1140 1832 1187 )
1858 1151 1928 1189 po-

327 1204 480 1239 nerent,
505 1197 540 1233 &
571 1207 626 1233 eas
649 1192 931 1244 frequentiffime
951 1194 1175 1235 inciderent,
1211 1195 1329 1232 multo
1343 1201 1439 1232 certe
1456 1223 1466 1238 ‚
1498 1207 1607 1245 quam
1631 1199 1773 1234 arterias
1787 1226 1797 1241 ‚
1820 1198 1926 1236 auda-

327 1255 408 1290 cius
420 1282 430 1296 ‚
457 1266 616 1302 cumque
633 1256 669 1290 iu
683 1265 803 1291 earum
815 1252 1108 1291 sectionumloco
1126 1264 1302 1300 magnum
1320 1253 1510 1291 discrimen
1529 1254 1693 1293 efficaciae
1712 1265 1922 1305 quaererent,

327 1313 386 1349 uti
412 1312 489 1351 haec
512 1313 622 1350 aliive
650 1324 741 1349 vena
759 1323 844 1350 cum
870 1313 970 1349 venis
996 1311 1072 1350 loci
1100 1310 1227 1349 adfecti
1252 1314 1525 1351 continuaretur
1541 1342 1551 1356 ,
1593 1321 1654 1351 aut
1684 1316 1927 1363 conjungere-

328 1377 414 1413 tur,
451 1372 583 1410 factum
613 1371 682 1414 est,
717 1380 758 1409 ut
779 1371 961 1409 contrario
979 1369 1053 1408 fere
1074 1370 1263 1414 instituto,
1294 1384 1402 1422 quam
1431 1372 1580 1421 quidem
1605 1373 1731 1411 nostro
1758 1381 1925 1424 tempore

329 1426 409 1467 fieri
436 1430 524 1468 solet
541 1459 550 1474 ‚
584 1442 683 1468 venae
705 1431 827 1479 primo
847 1429 933 1467 loco
968 1429 1277 1473 describerentur,
1323 1432 1533 1469 arteriarum
1561 1431 1706 1470 historia
1738 1439 1924 1482 tamquam

330 1488 516 1537 adpendix
533 1489 649 1538 aliqua
666 1488 909 1536 subjiceretur.
947 1487 999 1526 Ita
1024 1487 1057 1526 G
1071 1500 1093 1525 Α
1107 1500 1127 1524 L
1141 1501 1160 1526 E
1172 1500 1196 1526 N
1211 1500 1234 1525 u
1248 1501 1262 1526 s
1294 1488 1394 1539 [z]
1410 1519 1420 1534 ‚
1449 1492 1496 1527 ita
1512 1489 1548 1527 V
1560 1503 1578 1527 Ε
1597 1504 1612 1528 s
1626 1503 1649 1527 A
1663 1503 1684 1527 L
1698 1503 1711 1528 1
1728 1503 1750 1528 u
1765 1504 1779 1529 s
1808 1492 1922 1540 (a):

331 1548 369 1583 ἅ
391 1561 469 1586 non
496 1550 619 1596 exigui
647 1560 693 1585 ex
725 1547 791 1585 hac
822 1538 952 1596 rffajori
980 1548 1018 1584 in
1057 1560 1163 1585 venas
1196 1547 1397 1586 adfectione
1425 1561 1563 1587 errores
1591 1551 1662 1587 orti
1692 1549 1781 1589 sunt.
1829 1550 1925 1589 Cum

332 1609 432 1645 enim
453 1637 462 1651 ,
501 1609 536 1644 in
565 1606 756 1656 exemplo,
786 1607 830 1644 ad
855 1606 1068 1644 mesocolon
1092 1605 1351 1650 transversum,
1385 1609 1487 1657 quod
1514 1610 1654 1646 omenti
1674 1610 1850 1659 posterius
1868 1609 1925 1647 fo-

331 1665 424 1703 lium
449 1673 585 1704 veteres
607 1673 808 1709 vocarunt,
852 1678 897 1703 ex
918 1677 962 1704 eo
977 1673 1108 1704 trunco
1129 1695 1139 1710 ‚
1169 1667 1232 1715 qui
1255 1679 1274 1704 a
1301 1667 1395 1704 liene
1421 1668 1465 1704 ad
1486 1674 1606 1716 portas
1622 1669 1650 1705 it
1665 1696 1674 1711 ,
1704 1681 1833 1706 venam
1852 1681 1925 1707 ma-

334 1736 446 1772 gnam
471 1725 688 1768 deduceret,
713 1727 892 1763 continuo
913 1727 1074 1762 arteriam
1091 1727 1266 1763 comitem
1287 1727 1418 1775 pariter
1432 1739 1451 1764 a
1466 1726 1585 1764 lienali
1602 1739 1645 1764 eo
1663 1727 1814 1765 deduxit
1837 1727 1874 1765 V
1887 1740 1926 1764 F.-

334 1796 351 1819 ε
364 1795 384 1819 Α
400 1796 446 1820 LI
465 1796 485 1820 υ
502 1797 516 1821 s
547 1786 562 1831 (
580 1784 599 1821 b
617 1785 633 1829 )
652 1797 659 1819 ι
695 1785 742 1821 ita
759 1791 839 1821 nata
860 1784 909 1821 est
931 1786 1055 1821 arteria
1078 1785 1256 1834 epiploica
1279 1784 1411 1822 finistra
1426 1814 1435 1829 ,
1468 1797 1511 1823 ex
1526 1785 1645 1824 lienali
1662 1786 1785 1824 eduoa
1800 1815 1809 1829 ‚
1839 1799 1926 1836 qua-

333 1841 408 1879 lem
431 1843 580 1891 quidem
603 1844 778 1890 exiguum
800 1843 1011 1880 trunculum
1031 1845 1155 1880 arteria
1176 1844 1280 1880 lienis
1309 1843 1354 1880 ad
1383 1851 1574 1882 omentum
1603 1846 1740 1887 mittit,
1777 1845 1822 1883 ad
1849 1858 1926 1883 me-

333 1900 489 1939 socolon
522 1913 606 1938 vero
631 1901 865 1939 transversum
885 1929 894 1943 ‚
943 1901 1046 1949 quod
1079 1908 1241 1939 veterum
1269 1909 1435 1950 tempore
1456 1915 1595 1939 nomen
1625 1904 1765 1941 omenti
1792 1903 1894 1952 gessit
1911 1932 1921 1946 ,

337 1963 493 2003 omnino
512 1968 638 2009 praeter
664 1961 837 1997 minimos
855 1960 1014 1997 ramulos
1035 1959 1124 1996 nihil
1155 1960 1353 2009 quidquam
1384 1961 1453 1998 dat.
1499 1960 1552 1998 Ita
1576 1963 1707 2011 pariter
1732 1968 1822 2000 natae
1844 1962 1925 2001 sunt

335 2022 470 2059 arteriae
494 2048 502 2063 ‚
537 2031 623 2069 quas
651 2021 688 2056 in
712 2019 805 2057 finus
818 2019 956 2058 cerebri
978 2017 1141 2057 VEsAL
1157 2031 1168 2055 1
1183 2031 1233 2057 us
1252 2019 1401 2059 deduxit
1434 2019 1531 2069 [c*]
1555 2033 1562 2057 z
1597 2021 1755 2071 indeque
1781 2033 1892 2071 porro
1909 2049 1920 2064 ,

565 2085 595 2114 ο
1832 2081 1925 2119 mui-

377 2136 442 2174 (1)
467 2136 552 2166 prim.
576 2137 626 2165 lin.
646 2144 672 2165 n,
698 2144 767 2174 440.

378 2179 443 2214 (u)
466 2176 538 2206 ibid.
561 2186 589 2206 n.
618 2187 685 2216 393.

379 2218 444 2253 (x)
467 2217 485 2246 l.
507 2227 531 2246 c.

381 2259 449 2296 (y)
468 2257 600 2287 Febrium
613 2257 692 2286 sedes
707 2259 735 2287 in
750 2266 824 2287 vena
845 2266 914 2287 cava
934 2256 956 2287 P
969 2267 984 2286 n
1002 2266 1018 2287 Λ
1032 2267 1051 2288 x
1066 2266 1084 2287 Λ
1099 2266 1118 2287 e
1130 2266 1147 2287 o
1159 2265 1180 2288 R
1192 2266 1211 2287 Λ
1225 2266 1238 2287 s
1256 2258 1334 2296 apud
1355 2257 1413 2288 Ru
1427 2268 1441 2288 r
1452 2269 1471 2289 υ
1484 2269 1506 2289 M
1521 2260 1554 2289 de
1580 2260 1704 2297 appellat.
1728 2258 1799 2292 L.1‚
1827 2266 1856 2298 Ρ.
1873 2260 1923 2297 μζ

335 2300 360 2330 A
376 2307 446 2328 vena
468 2307 537 2326 cava
561 2297 712 2326 morbiiera
735 2298 876 2336 sanguinis
897 2299 1016 2336 rejectio
1036 2300 1087 2328 Aa
1105 2307 1245 2328 Ετευε
1267 2305 1360 2330 curat.
1381 2306 1454 2331 aeut.
1481 2300 1513 2335 L
1539 2300 1578 2334 Π.
1601 2310 1625 2332 c.
1646 2311 1669 2333 Ι.

377 2339 447 2374 (2)
469 2337 502 2367 ln
516 2337 568 2367 lib.
589 2338 625 2367 de
651 2348 789 2367 venarum
814 2338 853 2374 ἐξ
874 2340 1050 2368 arteriarum
1071 2335 1232 2378 dfffft‘ione.

378 2380 443 2414 (a)
464 2379 487 2407 V
503 2388 541 2408 rs
556 2388 611 2408 Ar„
632 2378 662 2408 L.
682 2377 770 2414 lll.p.
788 2385 855 2415 484.
876 2389 901 2410 ο.
919 2379 950 2409 B.

380 2420 442 2454 (h)
464 2417 549 2447 Vns
566 2429 623 2448 AL.
648 2418 763 2448 L.V11.
783 2429 880 2449 c.12.

381 2459 461 2497 (ιῶ)
484 2459 515 2490 L.
541 2459 572 2491 V.
594 2459 611 2491 f.
629 2469 656 2495 4.
675 2468 701 2490 x.
732 2459 807 2491 conf.
830 2458 908 2501 Fasc-
936 2459 973 2494 11.
1001 2461 1119 2493 leonum
1140 2465 1219 2492 anat.
1237 2436 1279 2495 -Τ.
1303 2462 1338 2496 11.
1366 2462 1463 2495 taliae.
1482 2468 1542 2495 not.
1562 2464 1591 2495 bt»
