2003 2748
504 182 867 225 SECIZIV.
937 185 1217 226 ADEPS.⁴
1623 201 1669 235 39

75 280 159 322 dine
191 283 247 320 via
270 279 309 319 in
343 278 487 319 cellulas
522 282 765 330 circumjectas
791 283 973 320 liberrima
1001 283 1072 326 est,
1107 283 1132 320 fi
1152 289 1339 332 praeterea,
1368 291 1408 322 ut
1433 282 1644 322 osterdetitr
1661 317 1670 328 ‚

73 343 182 391 adeps
203 342 330 391 sponte
349 341 393 378 ad
418 343 568 390 parietes
591 343 798 380 arteriarum
828 342 940 380 fertur
960 370 970 386 ,
1009 342 1098 379 nihil
1126 344 1228 380 valde
1254 343 1396 381 obscuri
1423 345 1472 381 est
1496 345 1533 381 in
1562 344 1673 382 secre-

73 403 174 440 tione
196 401 447 451 pinguedinis,
482 400 526 438 de
553 413 622 450 qua
644 402 751 439 nimis
778 409 902 440 cautus
932 400 1128 451 desperavit
1145 401 1202 440 W
1221 415 1268 440 IN
1287 416 1301 440 s
1316 416 1335 440 L
1349 416 1372 441 o
1387 416 1420 441 w
1434 416 1456 440 u
1472 415 1486 438 s
1516 406 1532 451 <
1546 412 1568 452 p
1584 411 1607 453 ).

133 460 245 499 Breve
273 463 324 498 uti
349 461 445 510 adipi
470 461 506 496 in
531 460 612 498 suos
647 460 788 498 loculos
816 463 882 499 iter
912 461 961 498 est
981 489 990 503 ‚
1031 463 1078 499 ita
1099 463 1172 500 cito
1193 462 1398 502 absolvitur.
1445 463 1639 502 Hortulani
1656 495 1665 508 ,

73 528 196 558 amatae
222 533 303 557 aves
329 520 580 568 magnatibus,
615 522 727 558 unico
746 521 803 558 die
825 520 1075 570 pinguescunt.
1100 521 1244 559 Alaudae
1265 523 1422 561 interdiu
1443 524 1665 567 macilentae,

71 580 182 617 noctu
197 577 433 628 pinguiffimae
456 578 536 616 sunt
557 581 641 627 (q).
691 579 778 617 Sues
797 581 877 629 post
900 580 1033 617 famem
1057 581 1179 618 triduo
1194 580 1399 630 saginantur
1418 584 1471 632 (r
1481 584 1507 629 ).
1545 583 1665 621 Pueris

69 637 188 675 amissa
214 650 278 687 per
301 638 452 675 morbos
475 639 631 676 rotunda
657 640 748 676 cutis
774 640 944 677 mollities
970 639 1156 678 celerrime
1187 649 1378 690 reparatur.

123 697 248 743 Quies
272 706 392 735 autem
416 699 527 735 animi
550 699 585 735 &
611 701 777 748 corporis
799 700 842 736 ad
872 699 1123 748 colligendum
1143 701 1181 737 in
1205 700 1273 738 suis
1292 701 1427 739 cellulis
1447 701 1590 751 adipem
1612 715 1666 741 re-

69 758 233 806 quiritur.
271 757 436 806 Corpora
458 758 641 795 laboribus
673 760 828 796 exercita
858 772 934 796 non
960 759 1224 808 pinguescunt,
1263 760 1333 797 five
1359 761 1569 799 animalium
1590 762 1666 800 fue-

67 818 164 859 rint,
213 815 283 854 five
313 817 517 855 hominum.
568 817 703 855 Nullus
736 820 919 867 operarius
954 818 1134 867 bajulusve
1166 822 1312 868 pinguis
1338 821 1387 858 est
1414 821 1502 872 (s).
1539 819 1661 870 Equi,

67 888 162 925 quos
190 875 310 913 cursus
338 877 373 913 ἃ
398 876 560 915 lassitudo
587 880 751 927 corporis
780 879 993 916 macilentos
1025 878 1273 922 conservavit,
1309 881 1345 916 in
1372 880 1531 917 hibernis
1549 881 1665 918 stabu-

66 935 110 972 lis
130 934 314 973 celerrime
339 935 552 985 saginantur.
590 935 707 974 Boves
726 938 866 975 vetulos
883 967 891 980 ‚
927 939 970 975 ab
999 945 1116 975 aratro
1148 939 1361 976 macilentos
1377 968 1386 982 ‚
1423 938 1448 975 fi
1474 941 1511 976 in
1539 939 1669 988 pascua·

65 995 144 1032 laeta
168 997 390 1032 revocaveris
407 1024 416 1038 ,
452 997 551 1033 brevi
577 1003 743 1046 tempore
764 996 971 1047 sapidissima
993 997 1218 1046 pinguedine
1245 998 1373 1048 repleri
1393 998 1504 1047 vulgo
1531 1007 1664 1037 notum

66 1054 126 1092 est.
160 1053 249 1101 (t).
300 1053 435 1100 Quiete
465 1056 499 1092 ἅ
531 1055 712 1099 caecitate,
746 1057 781 1093 ὃς
817 1056 983 1094 diffractis
1011 1058 1175 1095 cruribus
1200 1058 1335 1096 anseres
1362 1071 1552 1096 enormem
1581 1071 1663 1096 mo-

64 1113 140 1151 lem
178 1125 241 1161 per
273 1113 430 1162 saginam
466 1114 660 1163 adquirunt
694 1117 782 1162 (u)
804 1144 812 1157 ‚
863 1117 899 1152 &
931 1117 1110 1153 columbae
1131 1117 1371 1166 pinguescunt
1392 1120 1451 1165 (x
1473 1116 1498 1167 ).
1537 1117 1662 1156 Mures

63 1174 232 1210 montani
258 1172 376 1210 hieme
401 1172 621 1222 pinguiffimi
640 1173 751 1216 fiunt,
774 1176 880 1211 etiam
900 1175 1030 1224 absque
1054 1176 1137 1213 clbO
1158 1175 1267 1223 (y),
1304 1177 1475 1226 idemque
1505 1178 1550 1215 de
1577 1177 1662 1215 ursis

65 1232 116 1269 est
138 1230 361 1269 notiffimum
387 1234 444 1278 (z
459 1233 476 1278 )
491 1260 500 1274 ,
537 1233 638 1281 quod
662 1240 858 1283 utrumque
882 1235 1013 1271 animal
1038 1235 1074 1271 id
1100 1236 1184 1271 anni
1203 1243 1344 1285 tempus
1367 1246 1544 1285 perpetuo
1567 1237 1662 1274 som-

63 1303 116 1328 no
148 1289 315 1339 transigit.
360 1290 411 1328 Ut
432 1291 524 1328 recle
544 1292 780 1340 pinguescant
808 1293 948 1342 gallinae
965 1321 974 1336 ,
1023 1293 1222 1343 plurimum
1250 1303 1290 1332 ut
1318 1295 1500 1333 dormiant
1524 1295 1662 1334 necesse

64 1350 114 1387 est
130 1351 150 1399 (
166 1362 185 1386 a
202 1349 240 1395 ),
276 1362 393 1400 eoque
420 1350 530 1400 scopo
551 1351 667 1401 ipsum
681 1352 810 1390 lolium
839 1354 875 1389 in
901 1354 1022 1390 cibum
1042 1352 1209 1390 miscetur
1233 1356 1249 1402 (
1269 1353 1288 1391 b
1303 1356 1329 1402 ).
1367 1354 1407 1392 In
1428 1354 1532 1392 doliis
1552 1355 1665 1404 glires

62 1405 346 1460 pinguescebant
362 1410 452 1457 (c),
478 1411 513 1447 ἃ
530 1413 645 1460 capite
671 1412 848 1454 damnati,
886 1412 975 1461 saepe
1005 1412 1080 1458 (cl)
1102 1411 1206 1450 etiam
1237 1426 1295 1451 me
1315 1414 1547 1458 observante,
1580 1417 1662 1464 pin-

62 1466 154 1517 gues
180 1469 223 1505 ad
241 1468 456 1518 supplicium
477 1478 620 1508 exeunt„
657 1470 723 1520 lpfi
750 1473 890 1520 cyprini
916 1473 952 1508 in
978 1472 1065 1509 cella
1090 1472 1356 1521 pinguescunt,
1391 1474 1538 1524 quando
1566 1475 1665 1511 mus-

64 1539 108 1565 co
135 1528 301 1566 obvoluti
319 1557 328 1571 ,
363 1530 406 1566 ab
432 1530 535 1566 omni
555 1538 659 1567 motu
680 1538 845 1568 arcentur
872 1534 891 1578 (
909 1532 968 1577 e).

123 1587 248 1633 Qiare
270 1599 308 1624 ea
334 1590 455 1624 omnia
471 1616 480 1631 ‚
515 1600 593 1637 quae
622 1597 764 1626 motum
788 1589 968 1637 sanguinis
997 1591 1193 1633 minuunt,
1244 1591 1331 1628 dum
1360 1594 1497 1641 integra
1523 1593 1661 1630 valetu»

63 1645 113 1682 do
140 1645 308 1694 superfit,
345 1659 383 1683 ea
405 1642 614 1684 obefitatem
638 1649 842 1685 conciliant.
880 1648 957 1697 Ipsa
978 1659 1057 1685 aetas
1076 1650 1310 1697 quadraginta
1332 1652 1367 1687 ὃς
1395 1654 1660 1700 quinquaginta

61 1716 243 1742 annorum
260 1733 270 1747 ‚
299 1704 393 1743 favet
421 1705 577 1749 sumini,
617 1707 718 1756 quod
739 1707 911 1745 tardiores
946 1720 1044 1745 nunc
1075 1709 1194 1758 pulsus
1222 1709 1382 1758 viresque
1414 1711 1657 1749 circulationis

60 1765 181 1803 minus
211 1764 342 1814 rapidae
362 1765 439 1804 fint.
494 1764 631 1804 Contra
653 1779 736 1805 cura
755 1768 938 1817 animique
965 1766 1066 1805 labor
1091 1770 1245 1806 maciem
1271 1768 1378 1812 facit,
1417 1771 1452 1808 &
1475 1770 1656 1809 obesiores

1631 1844 1659 1868 u.

157 1894 169 1931 )
195 1893 295 1924 Traite¹
321 1893 368 1924 des
392 1892 546 1933 Te'gumens
567 1904 593 1925 n.
621 1904 668 1932 72.

159 1938 169 1965 i
195 1936 211 1965 S
227 1946 245 1964 ‘r
265 1947 277 1965 -i
294 1946 314 1965 H
331 1948 348 1965 L
371 1936 455 1966 theor.
476 1937 573 1965 modic.
598 1946 616 1975 p
646 1947 710 1975 374.

162 1979 172 1999 “-
200 1977 219 2006 A
235 1987 243 1993 ⁴¹
262 1988 270 2005 1
284 1986 295 2007 s
309 1988 328 2006 ’r
339 1986 358 2006 o
370 1987 389 2006 τ
401 1988 414 2007 Β
428 1989 444 2006 ι,
458 1986 470 2007 Ε
483 1988 495 2007 s
521 1978 549 2006 in
564 1978 652 2015 histor.
685 1980 802 2009 animas.
829 1979 860 2011 L.
877 1979 952 2010 VlIl.
971 1990 995 2012 c.
1011 1980 1041 2011 6.

154 2018 293 2048 iero?
314 2029 323 2046 1
342 2029 392 2047 os
419 2018 470 2047 HA
488 2027 592 2048 vras
621 2019 736 2058 osieoi'og.
759 2030 787 2058 p.
817 2032 881 2057 407.

129 2064 142 2086 t
158 2061 169 2091 )
196 2057 213 2083 V
230 2069 244 2088 a
258 2069 273 2087 ι
288 2068 306 2086 ι·
325 2070 340 2086 ι
355 2069 372 2088 A
387 2070 409 2087 M
425 2058 484 2096 lust.
507 2060 557 2087 vit*
577 2060 612 2094 (ἑὲ
634 2067 717 2090 mort.
737 2072 761 2098 p.
787 2062 852 2097 364.
880 2062 900 2091 Β
913 2071 932 2091 R
946 2072 965 2092 A
978 2073 997 2091 n
1012 2073 1027 2091 r„
1041 2072 1055 2091 Ε
1070 2073 1089 2092 Y
1104 2062 1270 2100 husband&
1285 2073 1309 2101 p.
1331 2072 1365 2102 ςς
1397 2064 1420 2094 ls
1435 2064 1653 2103 saginandorum

60 2095 150 2128 boum
182 2099 210 2127 in
229 2099 376 2133 Devonia,
399 2100 425 2129 δι
449 2099 619 2129 occidentali
641 2109 721 2138 parte
744 2102 851 2140 Angliae
866 2124 873 2136 ,
898 2104 984 2138 inque
1002 2103 1137 2133 Helvetia
1154 2105 1180 2132 Sc
1207 2103 1364 2142 Thuringia
1384 2105 1441 2134 fere
1463 2116 1523 2135 mos
1540 2108 1587 2137 est.
1620 2136 1623 2140 Α

98 2138 147 2174 (u
162 2140 174 2174 )
201 2140 227 2170 O
238 2151 253 2168 ι.
265 2151 272 2168 ι
286 2151 311 2169 v.
334 2150 351 2169 n
367 2150 379 2169 R
394 2149 406 2169 s
425 2140 441 2170 S
453 2150 466 2169 E
479 2150 496 2169 R
510 2150 526 2169 R
542 2150 556 2169 s
570 2151 583 2170 s
605 2143 639 2170 de
659 2143 765 2171 Pradel
783 2154 810 2181 p.
828 2142 896 2179 446.
923 2143 944 2173 B
956 2154 974 2173 R
988 2154 1007 2173 A
1021 2154 1039 2173 r>
1055 2154 1070 2172 L
1085 2154 1099 2173 s
1113 2154 1132 2174 Y
1155 2153 1276 2183 cauma-‘y
1289 2145 1394 2183 surmei
1413 2146 1541 2178 ‘liv-eaor.
1558 2158 1585 2186 p.
1602 2157 1651 2187 27.

102 2181 171 2216 (x)
195 2180 242 2210 des
263 2181 426 2210 Sentias
456 2191 482 2218 p.
506 2187 573 2216 482.

103 2220 168 2258 (y)
186 2220 210 2251 R
226 2232 242 2250 A
258 2232 268 2251 1
282 2219 404 2260 wzsdom
417 2221 452 2259 os
467 2223 528 2252 God
549 2232 574 2260 p.
598 2230 667 2260 ²9²·
823 2238 827 2241 ¹

53 2301 78 2340 s
103 2262 171 2297 (z)
198 2263 218 2292 A
236 2273 249 2291 s
268 2273 302 2293 rs
315 2273 334 2291 T
347 2271 365 2292 o
379 2273 396 2292 1
413 2274 428 2294 ε
441 2275 456 2293 ι.
468 2273 482 2293 ε
494 2273 507 2293 s
533 2263 624 2302 hfior.
649 2266 739 2296 [inim.
761 2264 791 2295 L.
814 2264 858 2296 vl.
884 2275 907 2296 c.
928 2269 972 2304 36.
1003 2265 1030 2296 H
1042 2277 1051 2295 1
1066 2277 1083 2296 L
1097 2278 1114 2297 L
1125 2277 1139 2298 n
1154 2278 1171 2297 R
1186 2277 1198 2298 s
1214 2278 1234 2298 τ
1247 2278 1265 2298 s
1279 2279 1297 2299 o
1311 2279 1325 2299 ῑ
1338 2267 1568 2306 MttIiuntefamis
1583 2272 1652 2302 ditcr

71 2311 105 2332 an
127 2314 140 2332 e
186 2326 191 2333 .
227 2312 271 2340 ις.

101 2314 146 2380 (gu
162 2313 218 2374 lpR
233 2355 246 2374 E
263 2356 282 2375 A
299 2355 319 2373 U
336 2355 358 2374 M
371 2355 391 2374 υ
406 2354 423 2374 R
445 2350 493 2375 nrt
509 2347 542 2376 de
551 2346 626 2387 finire
642 2347 728 2376 e'c’ore
753 2348 789 2376 les
802 2344 913 2386 orseaux
933 2347 1113 2390 dontqstz'ques
1130 2359 1159 2389 p.
1187 2350 1278 2392 ag'jd.
1303 2360 1328 2383 2,
1352 2351 1466 2392 9:392.

154 2390 166 2421 )
190 2395 307 2456 llssglz'
320 2438 337 2456 o
364 2428 397 2456 de
416 2438 445 2456 re
458 2427 550 2467 rustic.
580 2428 610 2459 L.
629 2428 681 2460 .lll
696 2439 719 2460 ε,
741 2438 784 2470 15.

96 2385 166 2462 55⁷>

97 2467 172 2503 (d)
196 2466 277 2497 Coiif.
306 2467 350 2498 Cl.
377 2469 552 2500 Rrranns
577 2469 646 2508 disp.
661 2470 708 2500 cit.
729 2482 756 2510 p.
788 2480 835 2512 45.

98 2507 167 2547 (e)
188 2507 310 2543 Rnaz
325 2519 520 2544 cerscx
550 2511 612 2552 βψ.
632 2518 732 2545 natur.
753 2514 850 2546 Ροξσκ,
876 2510 914 2546 Τ.
928 2513 964 2546 11.
993 2525 1021 2554 p.
1043 2524 1112 2553 211e

101 1894 143 1932 (P

101 1936 144 1974 (q

99 1977 145 2012 (r

101 2016 140 2052 (s

102 2058 116 2092 (
