2003 2748
326 226 447 266 4³4-
861 210 1184 253 zJB.1V.
1249 212 1429 254 corz:

332 314 417 364 gani
447 313 498 349 vis
514 315 727 361 penetraret.
765 308 836 348 Sed
871 307 988 348 &alia
1004 310 1236 360 protulerunt
1252 308 1436 358 alii(d).
1470 307 1700 360 Argumentii
1733 308 1823 353 itero*
1849 313 1945 354 mul-¹

328 382 369 412 to
385 371 632 410 numerofiora
645 399 653 413 ,
690 383 822 419 magna
836 383 922 408 cum
948 372 1059 408 animi
1075 372 1318 409 contentione
1354 369 1506 419 collegit
1539 371 1713 409 Rohertus
1732 371 1790 410 W
1804 386 1830 410 Η
1843 386 1866 411 Y
1879 387 1904 412 Τ
1917 387 1942 413 ‘r

330 433 440 481 (e),
477 433 578 479 cujus
607 433 796 473 intererat,
833 443 878 468 ne
904 431 1025 468 cordis
1051 432 1216 480 potentia
1248 430 1437 467 movendo
1466 430 1634 478 sanguini<
1658 429 1856 476 sufficeret,
1901 440 1942 472 ut

328 492 434 530 aliam
448 504 581 541 nempe
602 491 689 529 huic
707 493 882 540 potentiae
909 492 1005 533 vim,
1042 490 1105 528 ase
1127 490 1202 540 ipso
1233 491 1378 528 noviter
1409 490 1583 527 deteeiam
1597 519 1605 533 ‚
1629 491 1807 530 stabiliret.
1842 491 1942 542 Ergo

326 553 489 602 primum
506 580 515 593 ‚
552 550 693 589 calculo
720 549 860 600 pOsltO,
894 550 938 587 ad
958 550 991 589 K
1006 563 1024 587 E
1040 563 1052 586 1
1067 562 1088 588 L
1102 562 1115 586 1
1130 562 1150 587 A
1164 562 1189 588 N
1202 562 1225 587 A
1258 551 1434 599 principia
1447 578 1457 592 ‚
1493 553 1628 600 reperit
1642 577 1652 593 ‚
1687 550 1830 599 globuli
1864 554 1946 602 qui-

328 611 415 649 dem
448 612 548 649 rubri
583 610 731 660 pondus
764 608 831 648 effe
864 608 946 658 (f)
977 610 1021 648 ad
1056 622 1211 659 granum
1249 610 1304 648 uti
1338 620 1368 646 1.
1403 609 1450 647 ad
1487 620 1551 653 50.
1588 621 1684 652 000,
1725 623 1819 648 000.
1853 612 1941 650 inde

328 671 543 714 construxit,
567 677 802 708 momentum
814 669 946 712 cordis,
965 669 1160 719 globulum
1177 669 1339 717 urgentis
1353 670 1391 706 in
1403 668 1606 708 arteriolain
1618 670 1838 719 capularem,
1864 683 1943 710 non

328 730 396 769 effe
411 734 526 779 majus
539 730 652 780 dupio
664 730 829 780 pondere
842 730 918 777 ejus
937 730 1022 777 (g)
1039 729 1196 778 globuli,
1222 728 1374 766 dedusta
1391 740 1480 766 vero
1496 727 1672 773 frictione,
1691 730 1844 780 aliisque
1860 743 1945 770 cau-

324 790 369 829 fis
392 793 573 840 impetum
588 790 771 839 sanguinis
790 790 1039 839 frangentibus
1055 818 1065 832 ,
1095 801 1141 827 ne
1168 790 1316 828 tertiam
1336 788 1486 838 quidem
1511 795 1651 838 partem
1669 790 1746 838 ejus
1767 791 1943 839 ponderis

325 863 466 900 aequare
481 853 498 899 (
512 851 535 888 h
549 853 586 896 ),
619 862 752 900 nempe
770 862 854 889 eum
871 849 1068 898 globulum
1085 849 1242 887 omnino
1259 860 1480 898 promovere
1497 860 1575 886 non
1589 847 1699 898 poss'e.
1724 847 1816 887 Inde
1835 849 1943 888 omis-

324 910 391 953 fis,
428 923 507 960 quae
526 917 653 948 contra
680 912 756 948 vim
781 922 954 947 nerveam
978 910 1157 959 opponit,
1194 909 1231 946 ὃς
1258 920 1338 958 quae
1369 909 1413 945 ab
1443 906 1614 944 inmensis
1632 908 1861 958 ponderibus
1886 921 1941 948 re-

323 970 487 1011 futantur
501 1000 510 1013 ‚
547 983 565 1008 a
577 970 756 1008 convulso
775 971 911 1018 exiguo
930 981 1044 1007 nervo
1062 968 1231 1018 superatis
1243 997 1252 1012 ‚
1285 967 1389 1005 IDEM
1402 980 1421 1004 a
1442 967 1616 1015 Stephano
1639 967 1768 1006 HALzs
1785 970 1934 1019 recipit,

326 1032 403 1069 vim
429 1030 549 1069 cordis
579 1028 646 1067 effe
677 1035 730 1066 60
761 1030 935 1067 librarum
962 1029 1062 1077 (i):
1099 1040 1185 1066 cum
1216 1039 1305 1065 vero
1331 1040 1411 1065 area
1439 1027 1632 1065 ventriculi
1660 1026 1786 1066 finistri
1814 1029 1937 1070 cordis

325 1090 539 1140 quindecies
562 1091 678 1138 major
692 1088 753 1133 fit,
783 1101 894 1140 quarn
912 1096 1020 1126 aortae
1036 1100 1113 1126 area
1127 1117 1136 1131 ‚
1159 1089 1316 1125 omnino
1329 1089 1404 1124 vim
1423 1088 1556 1130 cordis,
1580 1100 1660 1137 quae
1671 1087 1884 1138 sanguinem
1897 1091 1936 1127 in

325 1157 465 1189 aortam
491 1149 686 1200 propellit,
719 1162 768 1190 ne
793 1149 944 1199 quidem
975 1148 1131 1191 duarum
1158 1148 1332 1190 librarum
1351 1146 1420 1187 effe
1439 1151 1454 1195 (
1468 1148 1490 1185 lt
1511 1147 1534 1195 ).
1571 1146 1615 1188 Et
1647 1155 1768 1187 tamen
1794 1148 1935 1200 sangui-

323 1222 412 1247 nem
435 1208 479 1246 ad
498 1220 562 1247 cor
586 1207 723 1251 redire,
758 1208 820 1245 vix
837 1218 922 1246 cum
950 1206 1089 1243 decima
1108 1212 1207 1255 parte
1229 1206 1306 1253 ejus
1336 1208 1540 1248 momenti,
1578 1218 1661 1249 cum
1692 1220 1767 1258 quo
1793 1210 1831 1246 in
1856 1220 1939 1250 aor-

325 1277 400 1307 tam
418 1270 527 1312 exiit,
562 1275 669 1318 atque
696 1267 810 1310 adeo,
845 1269 884 1304 in
907 1264 1099 1316 hypothesi
1117 1272 1279 1314 recepta,
1316 1278 1452 1302 noveni
1465 1266 1622 1303 decimas
1639 1266 1690 1305 sui
1710 1269 1892 1306 momenti
1916 1279 1936 1306 a

325 1329 440 1367 corde
466 1329 622 1366 omnino
636 1325 821 1377 poulstare
851 1325 929 1373 (l)
945 1325 1044 1362 idem
1063 1325 1231 1362 admittit.
1269 1324 1400 1374 Neque
1415 1324 1514 1373 poise
1545 1322 1572 1362 B
1585 1337 1608 1361 o
1626 1339 1645 1361 a
1661 1338 1679 1362 e
1694 1339 1714 1363 L
1728 1340 1747 1363 L
1762 1340 1775 1363 1
1791 1340 1813 1363 A
1827 1340 1854 1364 N
1867 1339 1889 1363 A
1903 1338 1936 1367 M

325 1389 426 1427 illam
456 1389 476 1437 (
493 1400 528 1425 m
544 1388 561 1435 )
590 1388 723 1424 virium
736 1384 971 1437 percussionis
983 1397 1077 1435 pene
1089 1383 1311 1422 infinitarum
1326 1382 1546 1432 hypothesin
1561 1383 1690 1422 locum
1714 1387 1844 1424 habere
1859 1398 1937 1426 cre-

325 1447 381 1486 dit
396 1476 406 1490 ,
440 1459 525 1485 cum
540 1449 593 1484 vis
611 1447 731 1485 cordis
746 1458 915 1496 premens
931 1444 971 1483 fit
983 1473 992 1488 ‚
1026 1457 1146 1494 neque
1163 1444 1207 1481 ad
1223 1445 1466 1493 percutientes
1481 1444 1657 1492 pertineat
1686 1447 1703 1492 <
1719 1457 1742 1481 n
1758 1447 1784 1492 ).
1818 1445 1936 1485 Aliam

324 1508 435 1545 etiam
451 1506 591 1545 causam
608 1514 732 1545 motus
746 1510 784 1544 in
802 1505 934 1544 finibus
961 1517 1137 1544 venarum
1161 1503 1426 1549 umbilicaliurn
1444 1501 1531 1546 effe,
1568 1515 1654 1545 cum
1678 1517 1743 1544 cor
1755 1517 1834 1544 non
1852 1511 1937 1556 antej

324 1565 438 1606 finem
462 1566 630 1607 secundae
649 1567 721 1605 diei
732 1565 853 1624 pulset
880 1565 931 1616 (o
946 1564 972 1613 2.

549 1684 582 1726 ἓ.
616 1679 660 1719 X
676 1678 774 1720 XX
790 1678 807 1718 ἶ
822 1680 848 1719 Ι.
878 1676 1112 1730 Aa’jungitur
1146 1680 1243 1718 cordi
1277 1680 1497 1719 arteriarum
1527 1680 1727 1718 contraffio.

385 1789 424 1827 ‘Si
443 1790 497 1827 vis
522 1791 643 1828 cordis
666 1803 789 1840 neque
823 1793 1020 1841 requiritur
1046 1792 1091 1829 ad
1125 1798 1272 1829 motum
1303 1790 1390 1840 sang
1367 1791 1514 1833 ouinis,
1550 1801 1670 1839 neque
1701 1787 1847 1831 sufficit,
1881 1789 1934 1826 sess

325 1850 471 1900 quitur,
495 1856 535 1887 ut
547 1849 621 1890 alia
643 1850 762 1899 aliqua
778 1852 831 1888 vis
855 1850 916 1892 fit,
951 1863 1055 1899 aqua
1081 1853 1119 1891 in
1145 1851 1324 1890 circulum
1349 1858 1531 1897 urgeatur.
1568 1848 1865 1890 Contraffionem
1879 1860 1934 1886 ar-

1830 1908 1934 1944 teria-

366 2006 379 2044 (
401 2009 420 2037 d
436 2007 450 2045 )
474 2008 565 2039 Nicol.
592 2008 675 2039 Aru>
689 2017 708 2037 R
720 2017 745 2038 Y
773 2007 804 2037 in
821 2015 984 2047 remarqzces
996 2007 1029 2036 de
1051 2005 1164 2035 medeci
1166 2015 1212 2042 ze,
1231 2004 1276 2036 111.
1297 2003 1316 2034 S
1328 2013 1342 2033 E
1357 2012 1381 2033 N
1395 2012 1414 2034 Α
1427 2013 1469 2042 c,
1493 2000 1551 2043 Jqs’
1568 2001 1589 2033 B
1602 2011 1693 2035 nun
1712 2004 1771 2034 otia
1788 2002 1929 2043 physiologi,

324 2058 352 2087 P.
366 2059 427 2125 (ιες
431 2090 445 2127 )
466 2090 519 2121 An
539 2091 659 2129 inquiry
675 2092 737 2119 into
755 2090 801 2120 the
817 2087 908 2128 caustis
924 2089 1023 2120 which
1049 2095 1178 2126 promote
1209 2088 1255 2118 the
1280 2087 1452 2118 circulation
1478 2085 1515 2128 of
1546 2087 1594 2117 the
1605 2087 1697 2124 fluids
1721 2087 1754 2116 in
1775 2087 1821 2117 tho
1864 2094 1932 2126 vcry

314 2128 406 2167 [51qu
422 2128 513 2170 velli-[s
542 2131 576 2169 of
588 2133 635 2162 the
654 2133 775 2163 animals
792 2131 979 2170 Edimburgh
1013 2140 1099 2170 1755
1125 2135 1152 2165 8·

398 2214 448 2251 g)
470 2224 499 2251 p.
526 2225 571 2243 10.
604 2221 651 2244 Π.

400 2255 447 2291 h)
470 2264 498 2291 p·
528 2264 572 2292 ¹9

400 2296 446 2372 ἐξ
467 2295 654 2334 Liberaliter,
685 2298 751 2328 loco
776 2307 820 2337 5¹-
850 2307 920 2338 quas
945 2298 1063 2329 Han
1077 2306 1174 2329 Slus
1198 2301 1330 2328 numerat
1352 2306 1380 2334 p.
1408 2299 1459 2332 301

548 2347 571 2367 K.

400 2377 443 2411 l)
469 2345 537 2374 123

389 2417 484 2451 m)l.
499 2427 522 2448 c.
542 2426 616 2456 prop.
638 2424 684 2457 78

366 2459 416 2495 (n
434 2460 446 2497 )
469 2459 582 2498 Aliquid
604 2460 711 2497 limile,
743 2459 791 2492 sed
807 2461 842 2491 de
862 2462 1006 2501 sanguinis
1027 2463 1126 2496 venofi
1150 2468 1252 2502 motu,
1270 2468 1338 2495 ante
1365 2460 1414 2495 CI.
1440 2461 1536 2494 virum
1558 2458 1588 2491 in
1606 2458 1759 2492 Germania
1783 2455 1929 2499 proposuiae

321 2501 348 2531 55
363 2509 380 2524 ¹<
392 2505 422 2528 Ν,
443 2500 516 2529 Ant
543 2501 569 2530 N
580 2513 590 2531 ι
601 2512 621 2530 e
631 2511 650 2535 ρ
663 2513 680 2531 ι-
692 2511 713 2532 A
724 2512 735 2532 1
749 2513 815 2533 vom
825 2500 1002 2544 puffthage

346 2539 498 2586 ton>-
520 2545 569 2577 80
