2003 2748
355 209 441 246 240
623 194 772 234 LIB.
807 195 903 234 III.
969 195 1316 236 CIRCUITUS
1366 195 1725 266 SANGUINIS.

354 294 444 336 culi,
474 300 548 330 rete
573 290 798 328 vasculorum
833 293 1186 330 communicantium
1216 291 1229 330 (
1240 294 1288 339 r)
1325 294 1432 331 unius
1469 295 1640 343 globuli,
1686 304 1746 334 aut
1782 299 1940 340 duorum

352 354 537 402 capacium
556 351 766 394 intercedit,
802 363 880 399 quae
904 363 949 388 ex
972 354 1106 389 arteriis
1134 359 1233 395 nata,
1263 354 1302 389 in
1328 365 1434 390 venas
1456 354 1501 390 ad
1521 355 1676 403 angulos
1703 347 1934 407 omnigenos,

355 414 392 449 δι
419 411 625 460 frequenter
650 422 694 447 eo
723 410 839 447 modo
861 410 1062 453 transeunt,
1097 418 1137 448 ut
1162 419 1237 448 tota
1267 412 1474 460 parabolam
1502 412 1679 457 efficiant,
1711 418 1812 464 cujus
1845 422 1945 466 prior

351 471 525 508 medietas
559 469 730 506 arterioso
760 469 876 506 modo
916 482 933 506 a
961 470 1133 518 sanguine
1160 469 1376 518 perfluatur‚
1411 473 1447 508 in
1480 475 1614 510 vertice
1646 487 1732 511 vero
1768 475 1944 516 reflexum

348 530 535 567 >vasculum
558 530 665 566 altera
689 529 880 566 medietate
904 529 956 566 sui
985 529 1121 567 venoso
1149 530 1266 567 modo
1292 530 1502 579 sanguinem
1532 533 1569 569 in
1593 533 1803 572 trunculum
1832 549 1944 575 veno-

350 589 430 627 sum
459 589 613 626 revehat.
1233 593 1250 600 '

442 649 512 686 Sed
541 650 668 690 etiam,
708 647 857 697 perinde
881 654 921 685 ut
946 647 1435 686 LEEUWENHOEKIUS
1461 677 1470 691 ‚
1523 651 1597 687 vidi
1628 653 1663 688 in
1687 652 1767 689 sede
1805 655 1938 698 caudae,

350 721 430 757 quae
451 707 514 745 fini
549 710 716 756 proxima
744 707 792 744 est
811 735 820 749 ‚
856 707 1086 754 majusculam
1115 709 1278 744 arteriam
1313 706 1449 745 officuli
1478 711 1652 746 comitem
1669 739 1678 753 ,
1706 713 1939 757 incurvatam,

350 770 389 804 iu
414 779 545 804 venam
573 766 702 804 reflecti
720 795 728 808 ‚
755 779 907 815 eamque
934 766 1136 804 multorum
1153 766 1392 813 globulorum
1418 779 1585 815 capacem
1611 769 1685 806 effe.
1750 769 1838 809 Haec
1854 774 1939 816 vidi,

348 828 388 864 &
412 826 655 876 microscopio
682 826 785 863 solari
812 826 975 874 adjutus,
1009 826 1110 875 quod
1131 827 1328 863 enormiter
1359 826 1497 873 objecta
1516 836 1644 875 auget,
1675 829 1710 865 &
1735 830 1942 879 vulgatior-is
1992 830 2003 833 ¹

348 887 454 923 lentis
482 898 562 934 ope.
642 886 712 923 Alii
742 897 830 923 vero
851 885 1010 935 pisciculi
1047 885 1122 922 aliis
1152 885 1372 922 constantius
1401 893 1500 922 extra
1527 898 1635 935 aquas
1663 889 1816 931 vivunt,
1853 891 1944 927 mihi

349 944 481 983 cobitis
500 945 655 984 aculeata
673 945 717 982 ad
741 945 818 983 haec
831 946 1096 995 experimenta,
1121 946 1238 993 aptior
1255 973 1264 987 ‚
1295 946 1331 982 &
1356 945 1490 983 diutius
1516 944 1687 995 superstes
1706 947 1775 985 visa
1792 948 1841 985 est
1855 949 1938 998 (5³⁵).

556 1081 587 1123 §-
623 1075 798 1115 XXIV.
865 1074 1027 1114 Harvcio
1056 1074 1132 1119 laus
1151 1075 1318 1112 circuitus
1344 1075 1483 1114 inventi
1509 1077 1723 1115 vindicatur.

350 1218 353 1221 ,
400 1189 406 1196 ·
436 1178 631 1227 Postquam
663 1177 754 1214 adeo
774 1177 810 1214 &
833 1189 896 1225 per
922 1178 1008 1213 varii
1040 1177 1182 1224 generis
1208 1177 1454 1225 experimenta
1470 1205 1480 1220 ,
1524 1177 1705 1215 neceffitas
1725 1179 1940 1218 admittendi

348 1241 520 1278 circuitus
552 1238 738 1285 sanguinei
768 1236 903 1279 ostensa
933 1236 1000 1278 est,
1032 1236 1068 1272 ἃ
1092 1235 1241 1272 demum
1271 1235 1465 1273 oculorum
1490 1236 1739 1275 testimonium
1774 1238 1847 1275 hoc
1873 1240 1940 1276 iter

347 1299 464 1336 vitalis
482 1297 648 1334 humoris
680 1296 782 1344 supra
814 1295 915 1332 dubii
940 1295 1143 1343 periculum
1173 1294 1383 1337 constituit,
1414 1296 1508 1332 inter
1544 1294 1642 1343 leges
1671 1299 1834 1345 corporis
1867 1300 1943 1335 ani-

347 1358 450 1395 malis
479 1357 659 1409 sanguinis
687 1355 801 1401 major
826 1355 992 1392 circuitus
1016 1361 1182 1402 receptus
1205 1353 1275 1390 est:
1309 1355 1371 1402 qui
1405 1353 1444 1391 fit
1470 1366 1489 1391 a
1514 1353 1686 1403 sanguine
1720 1367 1784 1404 per
1803 1364 1943 1395 aortam

347 1419 384 1455 in
414 1417 575 1458 arterias,
605 1416 641 1452 δε
665 1427 786 1452 earum
811 1415 985 1450 minimos
1008 1413 1166 1450 ramulos
1191 1412 1360 1461 expulso,
1391 1425 1454 1461 per
1482 1412 1694 1451 venularum
1723 1414 1939 1453 tenuissimas

346 1475 486 1515 radices
508 1482 677 1523 recepto,
708 1475 743 1510 δε
770 1473 815 1511 ad
845 1473 1048 1510 mediocres
1078 1484 1209 1514 venaS‚
1245 1472 1498 1520 maximosque
1526 1471 1675 1510 demum
1708 1481 1857 1511 truncos
1885 1477 1941 1512 in-

348 1549 419 1585 que
445 1536 531 1573 duas
560 1547 660 1571 cavas
691 1545 797 1570 venas
827 1532 979 1569 revecto.
1058 1530 1199 1569 HARv
1219 1543 1301 1567 210
1333 1532 1471 1568 inventi
1501 1531 1618 1578 gloria
1655 1532 1834 1576 debetur,
1874 1534 1942 1571 ho-

347 1596 438 1632 mini
463 1592 745 1636 modestissimo,
782 1593 844 1642 qui
869 1591 930 1628 diu
953 1603 1031 1628 rem
1046 1590 1248 1628 scholarum
1273 1590 1420 1627 theoriae
1448 1590 1627 1627 adversam
1652 1591 1866 1635 meditatus,
1902 1594 1941 1630 in

349 1654 543 1692 Germania
585 1653 756 1694 demum,
791 1652 834 1688 ab
877 1650 1167 1688 HOFMANNO
1198 1649 1277 1696 (s)
1325 1649 1465 1686 detesto
1496 1661 1582 1686 vero
1614 1650 1798 1688 adsensum
1837 1651 1942 1689 suum

348 1723 506 1762 negante
520 1719 727 1750 contemtus
743 1740 752 1754 ,
788 1712 978 1747 inventum
995 1710 1098 1747 suum
1122 1722 1139 1746 a
1158 1721 1171 1743 1
1185 1714 1208 1744 6
1220 1720 1229 1743 ι
1243 1720 1277 1751 9.
1298 1710 1333 1745 in
1349 1708 1575 1757 praelectione
1588 1708 1789 1758 chirurgica
1803 1722 1940 1759 propo·

347 1772 433 1815 suit,
467 1784 563 1809 anno
577 1784 662 1808 vero
682 1782 694 1805 1
709 1777 757 1806 62
768 1776 800 1812 8.
819 1770 1013 1817 publicavit
1029 1770 1091 1814 (ΐῆ
1104 1777 1125 1815 ).
1157 1768 1274 1805 Prima
1288 1796 1298 1810 ,
1331 1780 1449 1817 neque
1469 1767 1619 1817 perinde
1635 1768 1740 1817 plena
1758 1797 1766 1811 ‚
1803 1771 1937 1806 exerci-

349 1834 441 1869 tatio
464 1845 502 1868 ea
523 1831 683 1868 editione
698 1830 905 1866 continetur
922 1856 930 1870 ,
967 1828 1053 1864 duas
1071 1827 1152 1863 alias
1170 1829 1206 1863 in
1227 1825 1387 1863 editione
1405 1826 1532 1864 Batava
1547 1826 1654 1865 serius
1672 1827 1824 1874 adjecit,
1860 1829 1939 1876 qui-

344 1893 416 1935 -bus
441 1891 622 1938 Johrtlmis
654 1888 686 1926 R
703 1900 714 1924 1
732 1899 754 1924 o
768 1900 787 1924 L
802 1899 823 1923 Α
838 1899 860 1923 N
877 1899 890 1922 1
921 1886 1185 1934 objefflonibus
1211 1884 1412 1934 respondet.

650 2002 653 2004 >
694 1987 726 2027 ᾗ.
762 1980 912 2018 XXV.
980 1980 1066 2017 Non
1092 1978 1201 2026 exstat
1221 1979 1313 2026 apud
1339 1978 1610 2026 Hippocratem„

426 2108 463 2147 H
480 2117 606 2146 ARVE
624 2115 636 2140 1
654 2115 676 2140 o
710 2103 808 2138 enim
839 2101 965 2149 utique
992 2099 1068 2136 haec
1101 2100 1247 2146 maioris
1279 2099 1448 2135 circuitus
1472 2097 1587 2146 gloria
1608 2096 1782 2142 debetur,
1817 2101 1940 2138 minoss

348 2181 429 2207 reni
459 2167 531 2217 ipsa
561 2164 752 2213 antiquitas
774 2173 851 2198 non
883 2160 1073 2209 ignoravit.
1141 2159 1271 2209 Neque
1299 2170 1359 2196 me
1385 2157 1531 2206 fugiunt
1566 2156 1745 2195 clarorum
1776 2160 1939 2196 virorum

1799 2216 1940 2266 joham

391 2306 458 2343 (r)
482 2307 547 2342 Exp.
579 2312 623 2341 59.
654 2307 699 2333 62.
730 2306 777 2341 63.
806 2306 852 2337 68.

390 2348 463 2383 (ff)
490 2349 557 2382 Erp.
590 2354 626 2374 02
672 2348 719 2381 63⁴
1257 2357 1260 2360 ·

391 2388 447 2423 (ς)
475 2387 506 2416 G.
536 2386 568 2416 H.
604 2385 647 2413 W
663 2395 703 2413 ειι,
718 2394 730 2413 s
745 2394 794 2413 CH
818 2384 845 2412 in
871 2379 983 2420 firmw‘o
1017 2380 1186 2411 vindiciani
1210 2386 1237 2416 p.
1261 2387 1307 2417 27.

394 2430 406 2463 (
423 2434 435 2456 t
451 2428 463 2463 )
485 2427 507 2456 R
523 2437 539 2454 o
555 2437 578 2454 n.
603 2425 628 2455 T
642 2436 659 2454 Λ
675 2435 693 2453 Y
712 2436 727 2452 L
741 2436 759 2453 o
772 2434 791 2453 R
819 2427 889 2455 Orat
909 2425 1005 2451 cumin
1033 2425 1138 2452 liurvez*
1162 2422 1229 2451 anni
1257 2423 1340 2455 1756.
1364 2430 1392 2458 p.
1417 2427 1464 2458 44.

395 2469 473 2504 (st)
503 2467 611 2496 lituu»
639 2466 678 2493 est
699 2467 869 2494 Exercitatio
887 2470 1049 2493 wmtomzca
1065 2466 1098 2494 de
1117 2469 1197 2494 motu
1217 2462 1306 2493 cordis
1330 2460 1367 2498 &²
1375 2458 1527 2501 fimguinis
1536 2461 1568 2491 in
1587 2461 1759 2492 animalibus
1780 2458 1923 2491 Guilielmi

354 2509 382 2540 11
396 2520 417 2541 Α
429 2519 448 2539 n
466 2518 482 2540 v
499 2517 514 2538 s
529 2518 540 2538 1
570 2507 661 2545 Angli
681 2504 813 2540 Francos„
834 2506 929 2547 2628.
952 2514 979 2540 4.
