2003 2748
286 122 371 196 430·
847 138 1172 180 LIBIV.
1238 132 1416 180 COR.

287 243 457 282 omnium
483 237 646 289 opposui.
683 236 938 288 Aptitudinem
960 237 1118 287 denique
1140 237 1185 275 ad
1212 243 1357 276 motum
1372 265 1381 280 ,
1416 237 1452 275 &
1482 232 1712 276 tenacitatem
1734 235 1814 278 vitae
1833 251 1895 278 ex-

287 303 419 355 pendi,
454 311 533 348 quae
556 301 594 335 in
620 297 731 336 corde
751 298 823 341 est,
860 299 896 335 δε
919 309 1049 347 quam,
1081 304 1206 346 praeter
1232 295 1396 335 intestina
1412 326 1422 341 ,
1454 296 1551 335 nulla
1570 297 1635 336 alia
1659 310 1738 347 pars
1764 299 1897 337 machi,-

288 375 343 400 nae
368 357 528 398 animalis
556 358 711 406 adtingit
744 356 798 407 (lv
818 364 841 406 ).
879 356 945 395 His
967 357 1139 394 omnibus
1167 355 1397 394 consideratis
1417 358 1636 406 praecipuam
1654 386 1663 400 ,
1702 358 1738 394 &
1771 369 1900 410 parum

289 422 334 458 ab
351 420 457 459 unica
473 417 663 456 distantem
676 445 686 461 ,
716 424 839 455 motus
860 419 981 455 omnis
1001 419 1040 454 in
1056 416 1168 454 corde
1188 416 1444 466 scaturiginem
1466 418 1504 454 in
1540 417 1650 455 corde
1666 419 1820 468 reperio.

508 532 539 574 §.
575 527 617 566 X
629 526 671 566 X
687 526 815 566 VIII.
885 527 1054 566 Primum
1081 501 1246 566 movetur
1267 525 1422 576 &fetui
1437 527 1616 575 grandius
1638 526 1693 574 est.

351 639 491 679 Merito
517 638 609 676 adeo
631 639 841 688 interpartes
855 638 1016 676 animalis
1036 640 1197 687 primum
1214 649 1279 675 cor
1295 644 1474 675 movetur.
1510 637 1607 674 Nam
1625 638 1652 675 is
1665 636 1735 686 ipse
1751 642 1899 682 motus,

294 702 359 752 qui
372 700 484 738 altero
504 699 561 736 die
576 705 739 736 vertente
757 699 793 735 in
809 698 911 748 pullo
928 727 937 741 ,
969 697 1054 735 albo
1076 696 1091 747 (
1112 709 1128 734 c
1147 697 1162 743 )
1179 696 1347 735 haetenus
1368 698 1404 734 δι
1432 696 1606 734 decolore
1619 725 1627 739 ,
1659 697 1898 746 conspicitur‚

294 773 341 799 ex
362 759 522 798 subsultu
546 758 686 796 alterno
703 758 936 807 adgnoscitur
950 756 1071 794 cordis
1089 755 1156 794 effe
1177 755 1380 795 efficaciam.
1416 755 1580 794 Primum
1600 757 1707 793 etiam
1726 756 1903 795 viscerum

294 833 360 858 cor
386 819 541 868 figuram
560 847 569 861 ‚
618 819 812 861 comeam,
853 817 1070 855 soliditatem
1089 846 1099 860 ,
1152 823 1316 854 naturam
1356 816 1593 859 irritabilem,
1634 815 1819 859 ostendit,
1866 817 1903 853 Sc

292 880 419 930 peetus
444 878 560 916 solum
585 877 700 927 replet
721 906 730 921 ,
779 889 855 926 quo
876 884 1043 926 tempore
1064 876 1254 914 cerebrum
1280 875 1360 914 sero
1381 873 1477 913 laetis
1509 874 1622 912 fimile
1637 904 1646 918 ,
1684 875 1814 924 pulmo
1836 877 1906 912 mi-

295 942 417 977 nimus
445 938 481 975 &
502 937 545 974 ad
567 936 714 975 dorsum
739 936 930 979 retraerus,
970 948 1089 985 neque
1116 935 1356 985 conspicuus,
1395 934 1638 978 ventriculus,
1673 934 1785 984 hepar
1804 963 1813 978 ‚
1849 936 1905 972 in-

297 999 443 1040 testina,
473 1009 576 1035 renes
591 1025 600 1039 ‚
635 996 699 1033 sub
723 995 806 1034 albo
821 996 906 1045 gelu
926 995 1052 1033 habitu
1072 995 1205 1038 latent,
1239 1007 1358 1044 neque
1377 1005 1437 1033 aut
1457 994 1691 1032 brachiorum
1713 994 1907 1044 vestigium

298 1059 372 1100 est,
410 1069 530 1107 neque
556 1055 693 1106 pedum
708 1084 718 1098 ,
753 1055 830 1093 vasa
856 1067 944 1093 vero
970 1067 1083 1104 pauca
1107 1054 1276 1092 haetenus
1292 1083 1301 1097 ,
1338 1056 1374 1092 &
1391 1056 1514 1105 potius
1537 1055 1600 1092 viae
1615 1053 1741 1104 aliquae
1757 1082 1766 1096 ‚
1796 1066 1907 1104 quam

296 1118 397 1160 vasa,
425 1129 490 1166 per
516 1116 767 1153 membranam
789 1114 1052 1153 umbilicalium
1076 1114 1244 1152 vaso-rum
1264 1114 1490 1154 detineantur
1506 1142 1515 1157 ,
1556 1113 1702 1164 reliquae
1722 1113 1813 1152 adeo
1832 1115 1910 1162 ani-3

296 1177 401 1216 malis
425 1183 542 1225 partes
563 1176 599 1213 ἃ
619 1176 780 1213 minores
797 1204 809 1218 ,
850 1176 885 1212 ὃς
907 1174 1121 1224 imperfeetae
1145 1174 1238 1212 sunt.

359 1236 459 1275 Hinc
476 1237 515 1273 in
536 1235 612 1273 fetu
638 1235 758 1272 cordis
772 1236 895 1284 portio
916 1234 961 1272 ad
981 1234 1162 1284 reliquum
1187 1246 1319 1284 corpus
1337 1236 1452 1283 major
1475 1235 1544 1278 est,
1580 1236 1737 1273 maxima
1757 1233 1909 1285 quidem&

298 1298 340 1335 in
366 1295 469 1345 pullo
492 1296 655 1337 ratione,
692 1296 793 1342 cujus
824 1306 887 1332 cor
911 1294 973 1331 sub
1002 1293 1113 1330 finem
1139 1294 1209 1331 diei
1223 1293 1385 1332 secundae
1408 1296 1524 1344 capite
1550 1294 1735 1343 aliquanto
1760 1296 1908 1339 minus,

300 1363 473 1394 caeterum
496 1361 578 1392 toto
603 1353 818 1402 corpusculo
836 1352 976 1391 craffius
993 1382 1002 1396 ‚
1040 1352 1186 1402 ejusque
1208 1355 1333 1403 quinta
1350 1363 1410 1391 aut
1430 1353 1540 1404 paulo
1561 1354 1676 1401 maj0r
1697 1353 1747 1391 est
1769 1357 1905 1404 portio.

299 1416 343 1454 ln
369 1415 445 1453 fetu
465 1415 537 1462 jam
556 1415 745 1451 maturiori
772 1425 835 1451 cor
855 1413 899 1450 ad
923 1425 986 1450 cor
1007 1412 1119 1450 adulti
1140 1412 1300 1450 hominis
1324 1413 1419 1455 fuit,
1454 1414 1506 1452 uti
1534 1424 1598 1459 40.
1629 1413 1674 1450 ad
1705 1423 1769 1459 24.
1800 1414 1904 1460 (ἀγ.

300 1477 339 1513 in
360 1474 476 1512 vitulo
496 1485 582 1511 vero
607 1473 779 1510 abortivo
798 1473 843 1510 ad
868 1485 931 1510 cor
949 1484 1083 1515 vaccae,
1116 1474 1168 1510 uti
1200 1483 1258 1512 12.
1283 1471 1305 1523 ἑ
1327 1473 1369 1510 ad
1392 1485 1414 1517 9
1445 1475 1467 1527 ἐξ
1493 1472 1563 1510 five
1598 1473 1653 1510 uti.
1675 1484 1734 1519 51.
1769 1472 1813 1510 ad
1843 1483 1909 1518 37,

300 1535 322 1583 (
341 1546 357 1570 e
378 1535 409 1580 ).
447 1530 516 1570 Sed
539 1534 646 1570 etiam
662 1561 670 1575 ,
696 1533 890 1582 postquam
909 1532 1041 1570 animal
1066 1533 1103 1568 in
1119 1532 1239 1570 lucem
1264 1532 1404 1571 editum
1424 1533 1516 1575 fuit,
1552 1540 1673 1569 tamen
1694 1560 1705 1579 ,
1739 1544 1847 1581 quani
1870 1534 1913 1569 in

299 1593 430 1632 adulto·
449 1605 513 1630 cor
539 1593 653 1640 majus
680 1593 728 1629 est
760 1591 776 1643 (
788 1591 818 1641 f
830 1593 849 1641 )
868 1621 878 1635 ‚
911 1592 1082 1641 idemque
1109 1593 1223 1640 magis
1248 1591 1441 1635 irritabile,
1478 1591 1615 1629 facilius
1631 1592 1837 1630 admotum
1854 1603 1913 1630 re-

298 1660 452 1691 vocatur
474 1654 490 1700 <
501 1664 530 1699 g
543 1653 560 1699 )
574 1681 583 1694 ,
606 1653 642 1688 &
666 1651 801 1690 diu-tius
814 1653 851 1688 in
866 1659 1038 1690 emortuo
1054 1651 1206 1689 animale
1227 1651 1340 1700 pulsat
1362 1653 1382 1701 (
1397 1652 1464 1700 h).
1502 1651 1600 1689 Hinc
1613 1653 1719 1689 etiam
1741 1653 1832 1689 intra
1849 1650 1914 1690 da*

300 1721 380 1750 tum
398 1720 541 1760 tempus
560 1711 640 1760 plus
657 1711 839 1760 sanguinis
860 1724 923 1761 per
944 1724 1008 1749 cor
1022 1713 1146 1760 pueri,
1177 1723 1286 1760 quam
1301 1724 1366 1760 per
1394 1723 1458 1748 cor
1474 1711 1587 1749 adulti
1606 1710 1707 1754 fluit,
1745 1723 1812 1761 pro
1829 1713 1913 1755 moff'

299 1772 344 1808 lis
355 1772 538 1821 portione.
570 1770 707 1808 Contra
724 1773 761 1807 in
779 1778 879 1808 aetate
895 1771 1014 1809 adulta
1031 1772 1066 1807 &
1084 1778 1258 1819 vergente
1280 1773 1372 1808 vires
1393 1770 1553 1809 hominis
1567 1800 1577 1814 ,
1608 1772 1661 1808 uti
1686 1770 1805 1807 cordis
1824 1781 1912 1819 por-

300 1833 378 1873 tio,
415 1830 578 1866 minores
593 1828 811 1866 senfimfiunt
828 1857 837 1870 ‚
875 1831 910 1865 ἃ
933 1842 1001 1877 pro
1025 1831 1197 1876 portione
1214 1829 1489 1866 refistentiarum
1518 1829 1747 1866 debilitantur
1774 1830 1790 1875 (
1804 1830 1818 1865 z·
1833 1827 1863 1878 )

361 1888 434 1928 Sed
457 1889 565 1926 etiam
588 1889 627 1925 in
650 1888 860 1926 animalium
893 1886 1173 1940 quadrupedum
1191 1914 1201 1931 ,
1243 1888 1355 1936 inque
1384 1888 1506 1927 avium
1531 1899 1665 1934 genere
1682 1915 1690 1928 ‚
1737 1899 1801 1925 cor
1819 1887 1915 1926 sem-2

1847 1958 1915 1997 pet

344 2066 392 2104 (b
412 2070 425 2106 )
452 2070 555 2099 Second
583 2069 722 2100 Memoir.
742 2064 800 2105 fier
822 2068 858 2097 les
877 2073 953 2104 part.
969 2063 1101 2105 fi’vgsz'hles
1119 2066 1157 2103 {9⁹
1177 2069 1254 2098 irrit,
1282 2077 1313 2106 p.
1341 2066 1408 2105 387.
1866 2103 1873 2108 ·

343 2113 356 2148 (
376 2121 391 2140 c
412 2112 424 2147 )
445 2110 512 2141 Non
533 2111 607 2139 reete
631 2109 703 2138 adeo
733 2107 831 2146 pallini
859 2108 986 2138 scribitur
1003 2131 1010 2143 ‚
1045 2118 1093 2138 cor
1119 2108 1205 2138 serius
1232 2109 1382 2145 generari,
1409 2106 1523 2145 quando
1540 2108 1597 2144 jam
1610 2105 1672 2136 vasa
1694 2105 1845 2145 sanguinea
1862 2104 1909 2135 ad-

302 2159 458 2189 paruerunt
484 2153 601 2181 Homme
632 2147 768 2188 Pla-lique
785 2159 816 2187 p.
842 2159 910 2181 100.
940 2159 1005 2180 101.
1030 2149 1124 2187 qualia
1148 2150 1233 2180 etiam
1252 2149 1286 2180 R.
1311 2149 1357 2179 W
1369 2158 1492 2179 HYTT
1515 2148 1625 2186 profert
1647 2149 1768 2186 mquiry
1792 2148 1853 2176 into
1863 2146 1910 2176 the

303 2191 395 2231 catgsi’s
410 2194 464 2222 Sco.
489 2202 516 2230 p.
544 2199 592 2227 80.

345 2236 357 2269 (
374 2235 393 2262 d
410 2235 422 2269 )
446 2233 468 2263 R
485 2243 504 2262 Α
523 2243 531 2262 ¹
548 2243 559 2262 s
576 2244 584 2262 1
604 2241 625 2261 N
653 2232 826 2269 Embmolog.
854 2242 881 2270 p.
909 2241 953 2262 10.
988 2242 1031 2261 11.

449 2274 473 2304 R
488 2284 506 2303 o
522 2285 537 2303 Β
552 2285 560 2303 ι
573 2284 592 2302 N
606 2283 619 2302 s
630 2283 647 2302 0
663 2283 682 2300 N
713 2272 747 2309 of
760 2271 826 2309 food
848 2274 906 2302 and
924 2270 1080 2311 discharges
1103 2283 1131 2310 p.
1161 2283 1226 2304 120.

445 2314 489 2344 ln
505 2325 519 2343 n
533 2326 556 2344 M
585 2311 667 2353 Effizy
686 2323 723 2342 οη
748 2315 861 2342 animal
882 2324 1021 2351 oeconmny
1043 2315 1078 2344 T.
1104 2314 1138 2345 II.
1168 2325 1195 2353 p.
1219 2319 1287 2355 408.
1314 2313 1385 2346 D1s
1401 2325 1420 2344 n
1434 2326 1443 2344 1
1458 2323 1504 2345 ER
1531 2320 1608 2346 anat.
1635 2312 1777 2356 razfhnue'e
1794 2322 1822 2352 p,
1843 2317 1912 2352 1804

483 2365 499 2384 o
512 2365 524 2385 s
537 2365 553 2384 ε
568 2365 587 2384 T
602 2365 645 2384 τι
681 2356 793 2383 Latera
813 2354 850 2384 11.
875 2352 928 2392 obs
948 2354 1000 2384 Χῖ,
1030 2355 1099 2385 ΧΠ.

446 2355 513 2425 {ln
527 2407 535 2424 1
549 2405 569 2425 T
584 2405 655 2431 RE]
671 2404 686 2423 ιι
701 2404 719 2423 Α
733 2403 752 2423 Ν
782 2396 814 2424 de
838 2397 865 2424 la
879 2394 1039 2431 formation
1064 2398 1102 2426 du
1121 2398 1212 2433 poulet
1233 2408 1262 2437 p.
1287 2404 1356 2437 285.
1377 2397 1433 2428 ΕΝ
1449 2406 1460 2426 s
1484 2397 1502 2429 l.
1529 2406 1551 2428 c.
1570 2406 1598 2435 p.
1622 2404 1670 2436 14.

443 2436 463 2468 B
476 2446 494 2468 ε
506 2446 525 2468 a
539 2447 558 2466 Ν
571 2446 619 2470 ΞΕ
647 2435 779 2473 applicat.
798 2433 950 2475 mechcmjs.
976 2437 1029 2468 Sec.
1067 2448 1096 2476 p.
1128 2446 1179 2478 702
