2003 2748
348 140 436 188 244*
614 136 740 177 ZIB.
775 133 889 176 ῙῙΙ.’
949 130 1305 175 CIRCUITUS
1346 129 1708 175 SANGUINIS:

345 254 367 278 L
381 253 393 277 1
409 252 463 278 vs
491 239 645 288 adtigit,
673 238 782 289 quod
809 237 1021 287 sanguinem
1050 248 1096 274 ex
1114 247 1289 275 venarum
1312 237 1418 274 ramis
1435 237 1474 274 in
1497 243 1647 276 truncos
1671 233 1941 290 nonnufiduaft}

343 299 493 338 refluere
520 297 699 348 persuasus
720 298 852 336 fuerit:
887 309 979 335 raras
999 309 1086 335 vero
1114 309 1170 335 eas
1201 294 1407 334 occafiones
1429 294 1496 334 effe
1522 296 1595 346 ipse
1618 296 1759 335 addidit
1779 297 1835 346 (f
1845 301 1880 349 )³

521 445 554 488 §-
590 441 795 482 XXVII.
841 441 964 490 Neque
986 441 1078 490 apud
1100 441 1400 486 Summum,
1427 439 1605 488 jacobum
1628 440 1818 480 Runa:

400 587 471 625 Sed
495 589 603 625 etiam
624 587 788 625 Michael
811 587 833 625 S
845 600 865 625 E
878 600 901 626 a
914 600 937 625 v
950 599 969 625 ε
981 598 1006 624 T
1019 599 1042 625 u
1055 600 1069 625 s
1097 585 1246 636 aliquod
1271 588 1412 626 arterias
1445 587 1539 626 inter
1566 582 1604 625 Sc
1620 597 1728 625 venas
1754 583 1938 637 comme?¹

340 647 439 684 cium
465 659 542 684 non
566 648 776 695 ignoravit,
821 659 939 696 exque
962 644 1030 684 illis
1056 658 1120 695 per
1145 646 1387 684 anastomosin
1417 647 1456 683 in
1481 646 1562 684 istas
1587 645 1751 695 spiritum
1788 646 1937 686 vitalem'
1999 676 2002 677 γ

339 705 415 743 dari
438 705 571 755 scripsit
595 705 717 754 (g),
751 718 830 743 non
859 705 1008 756 quidem
1049 705 1206 743 multum
1250 704 1343 743 ultra
1374 704 1580 743 GAan
1632 705 1734 742 effata
1769 703 1935 754 progr-es·-¹

337 763 402 802 sus.
452 765 643 803 Minorem
669 766 862 803 circuitum
893 764 1024 803 IDEM
1044 792 1054 807 ,
1085 766 1123 802 <Sc
1159 764 1290 814 pariter
1321 763 1597 803 Cotumssns
1613 792 1623 805 ‚
1679 773 1842 802 accurate
1871 765 1936 812 de]

337 822 471 873 scripsit
503 824 520 875 (
537 825 561 862 h
578 825 610 872 ).

395 882 527 930 Jacoln'
557 883 625 921 Ru
642 895 719 927 FF,
766 880 927 933 chirurgi
951 878 1121 932 TIgurini
1146 908 1155 926 ,
1199 892 1310 922 voces
1333 878 1467 932 aliquas
1499 883 1575 931 (i)
1612 883 1741 932 nuperi
1769 882 1930 932 chirurgi

337 940 433 980 Galli
458 942 531 980 huc
558 950 743 982 traxerunt
768 944 828 992 (le
844 951 868 992 ).
904 941 1046 980 Verum
1075 944 1182 980 etiam
1213 943 1276 980 iste
1299 942 1415 980 homo
1433 954 1478 979 ne
1501 940 1651 990 quidem
1678 942 1772 979 votis
1792 941 1860 980 suis
1875 942 1933 989 suff¹

332 1012 398 1050 per
423 999 580 1051 vulgum
595 1002 729 1052 sapuit,
757 1015 876 1052 neque
898 1002 1098 1051 quidquam
1115 1001 1258 1043 voluit,
1290 1001 1356 1038 nisi
1379 1000 1584 1039 scholarum
1604 999 1830 1043 doetrinam,
1860 1000 1929 1050 spi-

331 1061 444 1098 ritum
473 1073 606 1111 nempe
635 1061 781 1100 vitalem
816 1061 960 1099 alternis
989 1060 1296 1099 contrastionibus
1336 1061 1374 1097 δι
1408 1060 1677 1098 dilatationibus
1711 1060 1930 1107 arteriarum

331 1119 371 1156 ἃ
395 1120 515 1157 cordis
541 1122 675 1169 agitarit

419 1179 490 1234 *PE
507 1191 529 1217 U
542 1192 561 1217 e
575 1191 595 1217 Ε
608 1192 632 1217 R
645 1193 659 1217 1
691 1178 795 1218 locus
822 1174 874 1230 (l
888 1178 909 1227 )
941 1179 1032 1217 nihil
1055 1193 1074 1218 a
1094 1176 1234 1228 vulgari
1261 1176 1465 1217 scholarum
1490 1179 1662 1217 sententia
1683 1177 1812 1216 differt.

689 1292 722 1332 §—
757 1286 800 1326 X
809 1287 851 1326 X
862 1287 953 1326 VII
967 1284 993 1325 Ι.
1057 1286 1159 1339 Quid
1190 1284 1395 1336 Caesalpinus
1414 1287 1556 1325 viderit.

385 1393 549 1435 'Andreas
573 1397 606 1436 C
616 1409 646 1434 [ε
658 1410 672 1435 s
685 1406 708 1432 A
721 1409 742 1434 L
755 1409 774 1434 P
787 1408 800 1433 1
812 1409 839 1434 N
851 1409 875 1434 υ
888 1410 903 1434 s
922 1399 961 1434 in
982 1395 1096 1446 priori
1124 1394 1275 1446 quidem
1298 1405 1409 1446 opere
1435 1397 1452 1444 (
1465 1393 1534 1445 m)
1565 1391 1662 1432 idem
1682 1407 1747 1444 per
1770 1393 1918 1445 pulmffl

327 1467 392 1494 nes
410 1457 592 1505 sanguinis
617 1458 684 1493 iter
709 1455 912 1505 descripfit3
943 1458 982 1494 in
1006 1456 1120 1494 altero
1146 1458 1204 1504 (n
1220 1456 1262 1504 )‚
1293 1467 1339 1493 ex
1363 1466 1536 1493 venarum
1562 1455 1656 1492 inter
1679 1453 1789 1492 finem
1812 1455 1919 1495 suum.

327 1516 366 1553 ὃς
381 1516 553 1564 ἰιηέἃιιηι
574 1514 764 1553 vinculum
784 1515 973 1553 observato
994 1522 1159 1558 tumore,
1184 1516 1340 1552 omnino
1360 1523 1505 1552 motum
1518 1513 1699 1562 sanguinis
1713 1527 1732 1552 a
1751 1526 1841 1552 vena
1859 1515 1919 1554 ca-⁸

326 1583 371 1612 va
395 1587 460 1624 per
478 1575 673 1625 pulmones
692 1575 729 1611 &
758 1586 822 1611 cor
844 1576 882 1611 in
900 1581 1038 1612 aortam
1056 1575 1172 1613 euntis
1195 1574 1380 1624 exposuit,
1412 1580 1453 1611 ut
1474 1575 1511 1610 in
1526 1571 1656 1611 somno
1677 1571 1774 1611 calor
1790 1574 1833 1612 ad
1850 1584 1917 1612 cot

325 1645 391 1682 per
406 1641 535 1671 venam
556 1643 678 1672 cavam
694 1640 952 1676 reverteretur,
975 1647 1060 1672 cum
1076 1647 1115 1673 ea
1131 1646 1223 1671 vena
1248 1634 1293 1671 ad
1311 1644 1375 1670 cor
1393 1633 1523 1675 ducat,
1551 1644 1629 1670 non
1650 1639 1785 1670 contra.
1823 1632 1913 1671 Non

326 1694 471 1741 penitus
495 1701 616 1730 tamen
640 1705 767 1730 verum
792 1693 883 1730 vidit
901 1721 910 1736 ‚
947 1692 1018 1730 HA
1033 1706 1090 1731 Rv
1105 1704 1123 1730 Ε
1139 1705 1189 1730 10
1221 1692 1446 1730 reservatum.
1482 1691 1580 1729 Nam
1602 1691 1783 1740 sanguinis
1798 1694 1915 1730 exon-4

326 1751 513 1789 dationem
530 1752 575 1789 ad
593 1751 774 1801 superiora
789 1780 798 1794 ‚
830 1753 867 1789 δε
887 1752 1122 1794 retroceffinn
1146 1752 1191 1789 ad
1212 1752 1382 1789 inferiora
1397 1751 1442 1788 ad
1462 1749 1586 1800 Euripi
1600 1750 1755 1788 modum
1771 1751 1915 1794 statuit}

326 1812 390 1860 qui
418 1813 456 1848 in
477 1811 600 1860 vigilia
629 1810 665 1847 &
695 1810 826 1847 somno
846 1811 1011 1859 adpareat
1042 1810 1092 1861 (o
1109 1811 1129 1858 )
1146 1839 1156 1853 ‚
1191 1817 1233 1848 ut
1260 1812 1415 1848 omnino
1447 1810 1633 1856 videatur,
1671 1808 1910 1848 acutissimum

323 1871 444 1908 virum
466 1869 700 1907 direffiiionem
725 1880 846 1906 veram
870 1868 1051 1917 sanguinis
1073 1868 1196 1906 venofi
1223 1866 1434 1918 perspexisse
1451 1896 1461 1910 ,
1503 1880 1581 1905 non
1605 1875 1725 1905 tamen
1750 1867 1834 1905 ideo
1849 1869 1913 1917 pat-f

316 1931 356 1969 Ji
375 1929 543 1969 felicitate
558 1926 768 1967 intellexisse
779 1956 790 1972 ‚
822 1928 1016 1978 quomodo
1030 1928 1170 1977 sanguis
1186 1939 1231 1965 ex
1245 1929 1405 1965 minimis
1419 1928 1553 1965 arteriis
1570 1927 1608 1966 in
1625 1923 1731 1965 venas
1747 1926 1913 1964 transeat!

1657 1989 1690 2030 e.
1724 1984 1912 2035 XXIij

363 2097 377 2134 (
392 2096 417 2135 f
427 2098 440 2135 )
465 2100 508 2128 De
520 2097 621 2135 fabric.
645 2105 717 2134 corp.
747 2095 817 2126 hum
839 2106 867 2135 p.
899 2104 967 2135 443.

364 2139 377 2173 (
390 2148 409 2176 g
427 2140 440 2175 )
464 2142 507 2168 De
530 2139 706 2168 restitutione
726 2134 925 2176 Christianifinz'
949 2136 1025 2176 apud
1044 2138 1092 2169 W
1104 2140 1124 2167 ὸ
1135 2144 1156 2167 T
1167 2145 1214 2167 ’ro
1226 2145 1251 2166 N
1275 2145 1312 2167 on
1328 2135 1442 2168 antimt
1455 2134 1515 2166 and
1530 2134 1647 2165 modern
1674 2134 1818 2174 learning:

364 2180 375 2213 (
395 2180 413 2208 h
465 2179 520 2208 Vid
538 2179 569 2208 L.
591 2178 642 2209 IV.
1450 2202 1454 2205 ,

361 2219 399 2253 (i
420 2179 443 2256 )>
454 2222 498 2249 De
518 2221 694 2257 generatione
710 2227 736 2256 p.
764 2230 788 2254 ς.
812 2218 841 2249 6.

365 2259 716 2295 (k)GARmozor
733 2258 959 2299 splanchnologie
982 2260 1025 2291 Ed
1056 2259 1093 2290 11.
1122 2259 1220 2291 1211.
1248 2269 1277 2297 p.
1306 2268 1371 2296 157.
1398 2260 1425 2289 ἃ
1446 2259 1479 2289 D.
1504 2258 1540 2288 de
1561 2257 1589 2288 la
1612 2259 1723 2288 Fara
1744 2255 1782 2286 ib.
1820 2296 1821 2299 Ἰ
1853 2295 1860 2303 ·

361 2300 375 2336 (
395 2301 406 2329 l
425 2301 437 2336 )
459 2300 570 2330 Venam
594 2305 694 2330 cavam
718 2300 882 2338 sanguinem
903 2302 982 2332 cordi
1005 2301 1106 2332 dextro
1136 2301 1203 2331 dare
1225 2299 1316 2338 (quae
1344 2299 1468 2337 vulgaris
1493 2298 1653 2331 scholarum
1671 2298 1800 2330 doctrina
1819 2295 1900 2333 fuit)

320 2339 349 2371 ἂ
368 2348 473 2370 venam
500 2341 693 2378 pulmonalem
720 2351 812 2371 aerem
831 2342 910 2372 cordi
933 2341 1038 2375 finistro
1063 2341 1172 2374 adferre
1197 2341 1230 2373 de
1259 2342 1433 2372 divinatione
1458 2351 1490 2380 p.
1520 2348 1586 2378 245.

359 2380 437 2418 (m)
458 2380 554 2422 Qcaest.
574 2383 725 2418 Peripatet.
747 2382 780 2411 L.
806 2381 840 2411 V.
863 2391 887 2412 c.
904 2391 935 2423 4.

359 2422 439 2459 (n)
461 2421 555 2463 Qmst.
579 2422 686 2452 Medic.
715 2431 759 2461 17.
785 2421 816 2453 L.
839 2420 876 2453 II.

359 2463 405 2500 (o
425 2464 439 2504 )
460 2462 532 2499 lbid.
561 2472 588 2502 p.
613 2470 682 2502 234.
