2003 2748
471 155 701 202 SECT.
758 157 860 200 IV.
923 151 1268 199 ADEPs‘
1623 171 1673 208 25

78 260 232 310 angulos
249 258 419 298 intricatis
438 286 447 300 ,
469 258 715 306 componitur.
750 255 897 294 Deinde
915 257 1022 293 etiam
1045 267 1094 292 eae
1114 254 1192 293 telae
1213 256 1251 291 in
1270 253 1345 291 aliis
1372 253 1519 303 quidem
1537 258 1676 304 experi-

78 322 208 358 mentis
221 326 358 369 partem
378 318 484 354 unice
495 317 649 366 aliquam
662 316 879 353 membranae
896 314 1092 351 effecerunt
1107 343 1115 356 ‚
1137 322 1176 351 ut
1193 315 1230 351 in
1244 325 1287 350 eo
1304 316 1575 362 experimento,
1601 327 1675 364 quo
1688 306 1696 307 ἶ

73 379 242 421 fabricam
269 378 484 414 membranae
509 375 687 411 tendineae
709 374 893 422 indagavit
915 386 922 410 :
949 375 986 409 in
1000 369 1074 410 aliis
1103 385 1148 409 ne
1166 380 1305 421 partem
1324 373 1478 421 quidem
1496 374 1677 411 membra-

74 450 149 480 nae,
178 446 217 476 ut
237 440 272 474 in
287 445 381 473 crate
398 435 479 477 illo,
504 433 594 470 faeno
616 445 661 469 ex
681 432 748 469 filis
760 445 836 469 non
849 433 1045 479 majoribus
1059 460 1069 475 ‚
1102 444 1211 480 quam
1234 432 1313 469 sunt
1333 431 1390 468 fila
1420 444 1544 469 carnea
1564 432 1676 470 subti-

78 496 202 535 liffima
219 525 228 539 ,
271 497 372 542 cujus
404 493 477 530 aliae
507 492 602 529 fibrae
628 491 900 540 longitudinem
927 491 1124 541 sequuntur
1150 492 1310 533 arteriae,
1356 490 1430 528 aliae
1453 491 1676 530 transversim

82 568 138 592 eas
154 584 163 598 ‚
195 566 280 604 quas
297 553 454 590 diximus
469 581 478 595 ‚
508 550 626 588 secant
645 552 661 597 (
675 551 730 597 ο).

444 720 773 768 SECTIO
835 719 926 759 IV.
992 720 1293 760 ADEPS.

87 865 92 889 g
179 842 227 881 Ila
249 843 406 881 diximus
432 842 650 893 laminasque
670 837 848 879 ce‘llulosae
869 839 956 876 telae.
990 837 1207 876 Addidimus
1226 841 1319 877 inter
1346 852 1401 877 eas
1417 840 1521 879 fibras
1542 843 1674 892 spatim'

179 903 211 940 la
226 903 391 951 intercipi
406 931 415 945 ,
446 904 597 941 minima
618 901 725 942 alibi,
754 900 832 936 laxa
849 899 922 935 aliis
944 898 1042 936 locis.
1079 898 1121 935 In
1137 900 1178 935 iis
1195 911 1294 936 nunc
1307 899 1462 948 spatiolis
1476 900 1596 950 liquor
1609 903 1670 939 ali-

81 964 161 1010 quis
180 961 310 999 effusus
334 962 491 1005 habitat,
525 964 588 1011 qui
601 961 700 998 {olus
730 958 942 1000 intercedit,
991 969 1066 1006 quo
1086 959 1207 995 minus
1228 959 1368 995 laminae
1391 957 1567 997 cellulosae
1590 961 1669 998 telae
1697 1003 1701 1005 ,

81 1022 313 1059 conierveant
329 1049 338 1063 ,
374 1022 410 1058 &
432 1023 470 1057 in
496 1020 704 1058 morbosam
731 1018 901 1055 duritiem
920 1017 1072 1059 abeant,
1107 1029 1294 1066 nunquam
1329 1017 1553 1062 defuturam,
1577 1032 1670 1068 quo-

80 1082 145 1117 ties
177 1080 325 1128 expulso
351 1079 479 1117 harum
508 1079 716 1117 cellularum
740 1077 881 1125 liquore
902 1075 959 1113 fila
982 1075 1093 1112 solida
1112 1075 1145 1113 se
1177 1079 1425 1124 contingunt,
1460 1078 1670 1117 adtrabunt-

81 1151 161 1188 que.
198 1139 288 1176 Non
309 1141 416 1176 unius
441 1146 558 1175 autem
584 1139 727 1186 generis
746 1136 806 1173 hic
832 1133 952 1184 liquor
971 1134 1028 1171 est.

139 1198 279 1234 Tenera
301 1200 463 1246 primum
478 1226 487 1239 ,
523 1196 650 1234 fibrosa
673 1196 787 1243 magis
805 1223 813 1236 ‚
851 1195 887 1230 ἐξ
907 1193 1072 1231 cellulosa
1094 1193 1162 1231 tela
1184 1195 1233 1232 est
1247 1222 1256 1236 ,
1290 1206 1369 1243 quae
1391 1196 1552 1233 minores
1574 1198 1669 1234 inter
1687 1191 1690 1195 ¹

76 1256 257 1294 musculos
273 1285 282 1298 ,
319 1269 397 1306 quae
416 1256 652 1294 choroideam
669 1257 760 1291 inter
783 1253 818 1290 &
838 1252 1063 1290 scleroticam
1089 1253 1210 1295 oculi,
1245 1264 1324 1301 quae
1345 1255 1498 1291 retinam
1515 1257 1608 1292 inter
1631 1257 1670 1293 δε

75 1315 335 1358 choroideam,
374 1316 411 1352 Sc
436 1317 529 1352 inter
552 1315 637 1352 duas
662 1314 810 1352 laminas
835 1312 933 1348 iridis
950 1340 959 1354 ,
996 1319 1057 1349 aut
1084 1313 1121 1348 in
1144 1312 1283 1349 circulo
1311 1313 1431 1350 striato
1453 1313 1478 1350 P
1493 1326 1547 1350 ET
1562 1327 1572 1351 1
1588 1327 1638 1351 Tr
1658 1327 1665 1351 :

70 1387 150 1424 quae
179 1377 336 1412 exterior
357 1376 450 1412 circa
476 1386 598 1411 veram
615 1375 711 1423 piam
734 1381 887 1409 matrem
903 1372 1213 1420 circumponitur:
1244 1383 1323 1420 quae
1339 1373 1580 1411 minimorum
1597 1374 1670 1410 vas-

71 1434 239 1472 culorum
267 1434 418 1471 lacertos
443 1434 556 1471 ambit
583 1434 619 1477 &
648 1433 859 1480 distinguit,
892 1437 953 1468 aut
980 1442 1044 1472 ea,
1090 1442 1169 1479 quae
1199 1430 1432 1468 transversum
1462 1432 1669 1470 abdominis

65 1493 273 1535 'musculum
290 1505 376 1534 cum
402 1494 602 1542 peritonaeo
625 1492 821 1538 conjungit
850 1502 857 1525 ε
890 1501 969 1538 quae
988 1489 1136 1526 demum
1152 1490 1190 1525 in
1208 1491 1441 1527 minimarum
1460 1493 1670 1529 arteriarum

73 1553 202 1590 areolis
217 1580 226 1594 ,
262 1554 299 1588 in
318 1551 495 1589 celluiofis
517 1551 596 1587 telis
621 1549 837 1589 ventriculi,
877 1549 1150 1589 intestinorum,
1187 1550 1289 1595 penis
1308 1576 1316 1590 ‚
1347 1548 1527 1598 scrotique
1547 1551 1582 1586 &
1609 1564 1670 1588 ve-

75 1610 152 1648 ficae
175 1612 339 1648 ur-inariae
365 1611 401 1646 δε
426 1610 555 1646 b'ilariae
572 1637 581 1651 ‚
632 1610 743 1657 inque
772 1607 944 1644 exteriori
959 1608 1096 1643 ambitu
1114 1606 1284 1643 auditorii
1306 1616 1443 1644 meatus
1469 1611 1667 1657 reperitur,

77 1669 215 1718 subque
237 1668 345 1717 pulpa
376 1668 516 1716 glandis
539 1668 641 1716 penis
657 1695 666 1708 ‚
703 1678 781 1715 quae
809 1664 937 1702 eadem
959 1665 1145 1714 pulmonis
1170 1664 1415 1714 parenchyma
1444 1666 1576 1709 efficit,
1610 1676 1670 1706 aut

79 1727 262 1766 cellulosas
289 1727 448 1776 hepatis,
479 1727 608 1768 lienis,
644 1726 680 1762 Sc
701 1723 954 1774 glandularum
973 1723 1107 1773 pulpas.
1154 1721 1240 1760 Eam
1266 1723 1319 1762 Cl.
1347 1726 1400 1761 vir
1429 1725 1573 1763 Carolus
1596 1726 1668 1764 Atta

72 1786 194 1835 gustus
214 1799 233 1824 a
254 1786 279 1825 Β
292 1799 311 1823 E
324 1799 345 1823 u
359 1798 383 1823 o
398 1798 417 1823 Β
431 1798 455 1823 N
486 1787 502 1835 (
512 1793 539 1833 p
555 1786 572 1831 )
596 1786 710 1834 magis
731 1784 882 1833 proprio
905 1784 1057 1820 nomine
1078 1782 1285 1820 cellulosain
1304 1793 1412 1821 vocat
1427 1813 1436 1827 ‚
1475 1785 1511 1822 ἀ
1528 1786 1571 1823 ab
1597 1785 1671 1830 adi-

78 1846 163 1897 posa
184 1846 378 1894 distinguit.

73 1899 77 1902 ’
138 1905 229 1944 Non
254 1905 319 1942 alia
335 1906 373 1941 in
398 1904 474 1942 fetu
493 1905 664 1941 teneriori
688 1905 864 1952 reperitur
886 1930 895 1944 ,
936 1903 995 1939 cui
1018 1914 1062 1939 ne
1090 1903 1128 1938 in
1153 1909 1306 1940 omento
1338 1902 1487 1951 quidem
1507 1932 1517 1946 ‚
1552 1916 1671 1954 neque

78 1965 142 2004 sub
168 1972 249 2003 cute
270 1964 378 2013 adeps
396 1963 490 2001 ullus
509 1964 558 2000 est
583 1965 621 2000 in
647 1962 822 2001 cellulofis
839 1961 1004 2012 spatiolis.
1043 1961 1308 2007 Quadrimestri
1324 1969 1419 1999 certe
1438 1962 1525 2000 fetui
1545 1976 1673 2002 omen-

75 2031 161 2065 tum
183 2031 304 2061 totum
323 2023 509 2071 pellucet,
549 2024 585 2059 &
611 2021 792 2059 musculos
818 2023 910 2057 inter
936 2029 1130 2070 cutemque
1155 2021 1307 2058 tremula
1334 2021 1488 2068 gelatina
1511 2024 1674 2072 interpon

78 2084 178 2121 nitur
197 2111 206 2125 ‚
241 2094 322 2131 quae
350 2081 475 2119 eadem
501 2083 611 2119 varias
636 2082 684 2118 ob
709 2081 825 2118 causas
843 2082 880 2116 in
898 2079 1054 2128 aliquam
1071 2080 1191 2118 sedem
1211 2082 1325 2127 magis
1353 2080 1521 2123 colleda,
1553 2082 1674 2119 mons-

76 2141 190 2179 trosas
214 2140 346 2190 species
366 2140 506 2179 fetuum
526 2141 647 2188 gignit
666 2140 690 2188 v(
706 2152 726 2186 q
743 2139 771 2185 ).
803 2138 912 2176 Ret7oe
933 2139 1024 2176 adeo
1049 2150 1163 2176 raram
1185 2138 1248 2176 sub
1268 2146 1349 2183 cute
1368 2139 1461 2177 fetus
1476 2141 1674 2190 pinguedi„

1587 2212 1673 2239 nem

123 2296 189 2332 (o)
213 2296 238 2326 G
273 2296 329 2326 W.
355 2295 475 2326 Mussrs
500 2306 527 2333 p.
554 2300 620 2330 284.
646 2296 676 2326 Α.
701 2306 756 2326 van
773 2295 1132 2325 Lsnuwnnnoacx
1155 2293 1228 2332 epist.
1250 2298 1297 2333 67.

124 2339 190 2374 (p)
216 2336 245 2366 ln
263 2343 471 2374 programmate
487 2359 494 2369 ,
517 2337 596 2375 quod
617 2339 751 2367 excitavi.

123 2379 193 2416 (q)
216 2376 250 2407 In
265 2376 445 2415 discriptione
460 2376 538 2414 fitur
551 2379 672 2414 bicipitis
697 2379 771 2414 inter
789 2373 919 2416 ongftnla
941 2377 1103 2408 anatomica
1127 2385 1190 2411 mea
1216 2378 1292 2408 edita
1313 2387 1339 2416 p.
1355 2384 1423 2412 τος,

140 2461 268 2502 Ηαίἰεν
288 2461 478 2513 Phjfiolog.
514 2461 622 2500 Tom.
660 2461 688 2503 L
1188 2461 1227 2502 D
