2003 2748
542 122 869 192 SECTJJ.
931 151 1181 192 VENAE.
1593 161 1666 195 ης

78 253 119 288 in
141 259 271 287 venam
295 259 418 287 cavam
444 260 566 286 earum
600 249 809 297 sanguinem
832 248 967 286 referat.
1004 248 1046 286 In
1072 248 1221 285 cerebro
1243 247 1338 286 smus
1362 248 1484 287 alienis
1509 250 1551 287 ab
1581 257 1671 288 arte-

82 311 141 346 riis
161 309 274 352 locis,
313 308 512 346 secundum
538 307 674 345 suturas
701 307 873 346 ossiumve
899 307 1015 345 sulcos
1032 306 1136 357 pofiti
1155 306 1243 345 sunt.
1281 307 1425 345 Caeteris
1446 309 1536 346 locis
1556 321 1595 346 ea
1612 308 1671 346 lex

84 369 156 411 est,
192 380 298 417 quam
317 367 387 404 alio
406 367 491 404 loco
515 368 700 416 tetigimus
727 368 780 413 (g
795 366 814 413 )
829 394 837 408 ‚
875 374 916 404 ut
942 379 1042 404 venae
1065 366 1234 403 musculis
1263 369 1410 417 cutique
1439 370 1673 417 interponan-

84 436 167 474 tur„
203 428 336 464 arteriae
361 438 469 475 quam
491 424 769 474 profundiffimo
793 425 828 461 ὃς
850 424 1022 463 tutissimo
1049 424 1135 462 lo-co
1165 425 1363 464 secundum
1394 426 1464 464 offa
1494 428 1672 466 incedant.

84 477 244 524 Unicum
270 486 492 523 contrarium
514 497 612 522 venae
634 496 726 521 cavae
755 485 966 533 exemplum
994 485 1050 522 est.
1097 483 1237 522 Verum
1264 498 1302 523 ea
1328 487 1365 523 in
1393 486 1589 524 abdomine
1617 493 1674 525 tot

85 545 275 583 visceribus
303 544 507 592 protegitur
524 572 533 585 ‚
568 543 724 581 utnulla
748 543 920 581 violentia
942 544 986 580 ad
1008 555 1084 580 eam
1109 546 1298 593 pervenire
1322 552 1451 594 queat,
1489 558 1567 595 quae
1585 547 1673 584 alio-

83 605 174 653 quin
200 608 358 640 mortem
385 614 463 639 non
484 601 620 640 inferat.
657 601 863 640 Divifiones
878 631 887 645 ‚
924 609 966 641 ut
991 604 1028 639 in
1050 604 1184 640 arteriis
1203 632 1212 646 ,
1241 604 1277 641 <Sc
1296 606 1382 641 retia
1406 604 1537 642 ultimo
1555 608 1674 654 perin-

85 663 131 700 de
159 662 316 704 faciunt‚
353 673 432 711 quae
452 690 460 703 ‚
494 661 614 699 nescio
642 674 685 698 an
713 661 791 699 satis
816 661 965 699 firmiter
993 663 1035 699 ab
1066 661 1239 700 arteriofis
1269 663 1413 701 differre
1431 692 1440 707 ‚
1484 672 1591 714 atque
1614 677 1674 702 ro-

86 720 255 759 tundiora
278 719 344 758 effe
362 749 372 764 ,
407 719 460 758 Cl.
485 719 555 758 HA
571 733 591 757 L
606 732 652 758 es
678 719 811 770 scripsit
841 721 897 768 (la
912 723 941 767 ).
977 719 1165 760 Venosum
1189 729 1265 760 rete
1292 723 1329 760 in
1346 735 1512 762 ranarum
1537 724 1675 762 meseu-

84 782 178 818 terio
208 780 369 829 adprime
392 780 651 829 acutangulum
675 780 732 818 est.

622 893 653 934 ἓ.
689 887 730 927 Χ
743 888 759 926 Ι
773 888 790 927 Ι
804 888 829 927 Ι.
896 889 1138 939 Anastomoses.

152 1007 250 1045 Inter
278 1015 427 1046 truncos
443 1008 596 1046 venosos
614 1010 793 1056 majores,
830 1020 939 1057 quam
955 1010 1048 1046 inter
1080 1010 1288 1053 arteriosos,
1320 1011 1559 1049 anastomoses
1577 1024 1677 1061 repe-

89 1070 256 1110 riuntur,
294 1068 331 1104 ὃς
361 1067 552 1106 consensus
581 1068 699 1105 multo
724 1068 926 1105 evidentior
957 1069 1029 1110 est,
1065 1069 1100 1105 δε
1132 1069 1220 1118 saepe
1236 1075 1383 1119 magnas
1408 1083 1471 1119 per
1494 1084 1601 1108 venas
1627 1074 1679 1108 vi-

90 1128 164 1166 cini
183 1128 301 1164 trunci
327 1128 502 1165 uniuntur
518 1155 528 1169 ,
567 1138 642 1175 quo
660 1126 746 1164 loco
769 1128 979 1164 arteriarum
995 1127 1232 1166 anastomoses
1248 1141 1311 1178 per
1336 1129 1589 1167 minutissimos
1605 1130 1678 1169 sur-

90 1186 193 1227 culos
213 1185 457 1234 perficiuntur.
495 1185 548 1223 Ita
573 1187 666 1222 inter
682 1197 812 1222 venam
831 1186 1031 1233 jugularem
1057 1186 1218 1224 facialem
1235 1216 1244 1230 ‚
1286 1201 1364 1238 quze
1384 1190 1427 1226 ab
1450 1191 1588 1227 interna
1605 1191 1674 1234 est,

92 1246 129 1283 &
153 1245 244 1281 inter
261 1243 500 1294 temporalem
513 1251 668 1282 externae
686 1245 859 1293 jugulatis
880 1247 1141 1293 propaginem,
1170 1247 1316 1294 insignis
1335 1248 1530 1285 secundum
1552 1249 1678 1286 maxil-

89 1304 132 1342 lae
155 1303 333 1340 inferioris
364 1316 465 1342 oram
496 1305 771 1341 communicans
802 1311 950 1343 truncus
975 1305 1173 1342 intercedit.
1220 1305 1318 1344 Inter
1349 1308 1567 1355 profundam
1600 1309 1679 1345 bra-

92 1363 164 1401 chii
193 1374 343 1406 venam,
377 1365 412 1400 &
430 1363 647 1413 cephalicam
664 1391 673 1405 ,
708 1362 885 1401 basilicam
911 1365 948 1401 ὃς
973 1363 1200 1402 interoffeam
1227 1367 1305 1402 miri
1335 1368 1426 1404 circa
1454 1367 1590 1405 flexum
1615 1380 1677 1405 cu-

91 1424 158 1460 biti
179 1422 305 1471 plexus
334 1422 474 1460 dudum
506 1422 668 1471 descripti
695 1421 775 1459 sunt
798 1425 815 1470 <
830 1424 844 1458 z·
860 1422 886 1468 ).
922 1421 1026 1459 Vena
1046 1423 1119 1460 fine
1135 1436 1220 1473 pare
1236 1437 1321 1463 cum
1338 1433 1490 1475 utraque
1510 1439 1599 1464 vena
1621 1439 1678 1464 ca-

90 1494 135 1519 va
163 1483 408 1529 conjungitur.
462 1481 576 1519 Venae
604 1481 799 1519 cerebrales
818 1481 982 1530 plurimis
1003 1482 1093 1520 locis
1118 1495 1180 1531 per
1205 1483 1374 1522 emissaria
1392 1497 1476 1522 cum
1500 1487 1598 1523 venis
1615 1497 1677 1523 ex-

91 1547 145 1578 tra
170 1541 280 1577 cranii
301 1552 445 1578 caveam
469 1538 540 1577 fitis
561 1542 737 1577 uniuntur
763 1540 783 1588 (
801 1542 823 1576 k
838 1541 865 1586 ).
901 1539 1150 1578 Vertebralem
1172 1543 1207 1579 Sc
1226 1544 1462 1592 temporalem
1483 1547 1605 1592 magni
1625 1558 1679 1582 ra-

92 1601 144 1637 mi
167 1599 349 1647 colligant.
386 1598 540 1637 Sinuum
559 1599 755 1636 medullam
778 1599 949 1648 spinalem
978 1602 1230 1638 comitantium
1256 1602 1524 1640 artificiofiffiini
1549 1605 1585 1640 &
1613 1617 1680 1642 nu-

92 1657 314 1696 merofiffimi
336 1669 438 1695 arcus
453 1658 557 1701 sunt,
593 1659 725 1706 quibus
752 1670 835 1696 cum
862 1661 962 1696 venis
983 1668 1081 1697 extra
1109 1662 1184 1708 ejus
1210 1661 1377 1699 medullae
1393 1662 1539 1711 specum
1559 1663 1682 1712 positis

93 1716 323 1755 consentiunt
344 1718 359 1764 (
373 1715 425 1763 l).
459 1717 644 1755 Venarum
672 1716 876 1755 veficalium
899 1719 935 1755 &
955 1719 1245 1763 clitoridearum‚
1282 1729 1341 1758 aut
1356 1724 1457 1770 penis
1482 1734 1652 1760 venarum
1669 1751 1678 1766 ,

96 1789 182 1815 cum
213 1778 314 1814 venis
342 1783 441 1813 extra
459 1777 594 1826 pelvim
621 1777 858 1820 exeuntibus,
896 1777 1014 1827 adque
1030 1779 1198 1828 genitalia
1220 1780 1294 1817 vasa
1312 1781 1567 1825 redeuntibus,
1600 1784 1687 1819 miri

93 1836 243 1887 plexuS‚
280 1837 316 1875 &
340 1847 433 1883 aegre
451 1835 661 1885 exponendi
689 1837 918 1874 intercedunt
946 1838 1066 1886 (m).
1102 1838 1205 1877 Vena
1226 1839 1328 1877 faciei
1355 1852 1438 1879 cum
1465 1840 1541 1878 finu
1564 1853 1684 1879 caver=

92 1894 185 1932 noso
211 1907 274 1944 per
297 1894 581 1944 ophthalmicam
603 1907 731 1933 venam
754 1898 1013 1936 communicat.

155 1953 198 1991 In
224 1953 429 1991 universum
447 1983 456 1997 ‚
500 1967 601 1992 venae
626 1954 717 1992 mihi
743 1957 885 1998 minus,
925 1968 1034 2005 quam
1060 1959 1193 1995 arteriae
1215 1958 1381 1996 flexuosa:
1408 1959 1584 1997 videntur.
1620 1959 1684 1998 Fa-

105 2012 182 2050 cilis
209 2014 432 2063 comparatio
458 2014 507 2051 est
534 2015 573 2050 in
597 2015 721 2051 arteria
744 2026 904 2063 venaque
922 2016 1051 2063 grandi
1068 2016 1197 2059 faciei,
1223 2019 1261 2058 in
1286 2020 1411 2056 arteria
1428 2020 1463 2056 ὃς
1480 2028 1569 2057 vena
1594 2019 1684 2068 sple-

1628 2081 1683 2115 nis

138 2213 215 2251 (g)
238 2214 310 2244 Sefr.
335 2225 356 2244 ι.
385 2224 411 2244 n.
439 2214 485 2244 16.

138 2255 151 2289 (
171 2256 188 2283 Ι,
205 2256 217 2287 δ
242 2255 435 2292 Haemcfiutilcs
454 2264 579 2292 p.1<1.

140 2295 468 2332 (ι’)ΕυετΛεΗ.
495 2295 569 2327 ‘sab
595 2295 674 2326 Vlll.
702 2296 720 2326 f.
749 2306 773 2327 1.
806 2307 830 2328 2.
856 2307 879 2333 3
903 2308 930 2334 4,

138 2335 187 2405 (5
208 2345 221 2411 ἐ
241 2336 331 2409 {1331
339 2336 468 2406 plagin?
461 2346 496 2405 in²
503 2337 565 2415 tab.
594 2337 690 2367 baseos
714 2339 822 2375 cranii,
847 2349 909 2377 quae
933 2339 971 2369 est
988 2341 1016 2369 in
1033 2341 1126 2377 primo
1148 2342 1262 2371 imnum
1277 2339 1421 2381 fixsciculo.

139 2376 152 2449 ἓ
182 2418 221 2454 1)
244 2418 383 2448 Dicentur
410 2428 439 2447 m
471 2397 564 2448 TSmo
592 2418 677 2456 hujus
704 2421 799 2460 operis
831 2420 894 2453 VH.
923 2421 994 2453 Vide
1025 2421 1142 2453 interim
1170 2425 1326 2455 Comment.
1347 2426 1379 2454 in
1400 2423 1498 2454 Boerh.
1519 2430 1546 2461 {³⁷
1549 2423 1633 2454 aelebi.
1654 2423 1688 2454 T.

103 2427 672 2498 V.l3.I.P412.43.415.416.
