2003 2748
556 149 894 191 SECZZII.
959 149 1212 191 VEN‘AE.
1566 149 1679 200 '139

88 242 407 299 depingendarum
430 249 562 287 melior
591 250 683 288 ratio
711 248 778 286 visa
802 249 864 285 est.
910 247 1022 286 Nunc
1050 249 1226 291 invenio,
1264 247 1366 286 fisum
1397 261 1456 286 me
1487 248 1682 297 diligentiae

88 310 195 356 hujus
221 310 384 356 juvenis,
427 310 465 346 δε
495 309 576 346 alias
603 307 942 356 occupatissimum,
979 309 1156 355 parcius,.
1191 319 1299 355 quam
1330 316 1563 357 oportuerat,
1602 321 1681 358 quae

87 369 180 405 mihi
218 367 400 406 observata
446 366 614 408 fuerant,
658 368 697 403 in
735 366 929 404 adversaria
959 365 1123 403 retulisse.
1167 366 1273 412 Qud
1313 367 1357 404 de
1405 368 1575 405 iconibus
1610 368 1682 405 fac-

88 435 168 465 tum
191 426 252 469 fit,
286 440 363 465 non
378 425 641 478 r.escivi.,Q1ae
655 425 865 475 supersunt,
900 424 1169 464 cumanorum
1180 426 1573 477 auclorumrlaboribus
1591 439 1681 465 eon-2

86 486 208 534 junsta
231 485 335 524 dabo.

680 549 712 590 §-
748 543 790 583 X
809 543 854 581 V‚
922 543 1095 581 Fah7⁴ica‚·‚

147 653 309 692 Valvulae
335 653 474 691 venosae
499 655 536 692 in
567 652 775 691 universum
796 653 888 691 fiunt
913 665 933 691 a
963 654 1173 692 membrana
1197 666 1371 694 venarum
1391 656 1544 700 intima,
1579 658 1651 697 levi
1666 687 1677 701 „

86 726 168 763 quae
191 725 236 751 ex
254 720 359 762 parte·
375 725 474 751 venae
494 725 513 750 a
539 713 650 750 corde
674 715 865 750 remotiori
886 712 1021 751 sursum
1043 742 1053 756 ,
1093 713 1212 752 versus
1241 726 1325 758 cor,
1365 716 1400 752 ὃς
1426 716 1621 756 introrsum
1641 720 1681 755 in

87 773 203 821 ipsam.
217 784 363 810 caveam
385 785 485 810 venae
497 773 733 821 producitur,
772 773 883 822 inque
913 773 1237 821 marginelunato,
1263 776 1300 811 in
1325 776 1439 812 aciem
1458 783 1678 820 extenuato.

87 832 237 874 reflexa,
287 833 325 869 in
365 831 398 869 se
429 832 540 881 ipsam
579 832 692 874 redit,
740 832 775 868 &
811 832 1003 875 deorsum,
1047 832 1092 869 ad
1124 841 1263 882 partem
1296 846 1316 870 a
1357 835 1468 872 corde
1505 838 1681 874 remotio-

87 900 163 928 rem
179 920 189 934 ‚
221 899 347 929 contra
368 891 401 928 se
423 891 534 940 ipsam
557 890 693 940 sibique
721 891 884 939 parallela
899 893 938 928 in
962 892 1210 929 membranam
1229 905 1327 930 venae
1347 894 1512 931 intimem
1535 898 1682 933 reverti·

88 958 155 988 tur.
201 949 253 988 Ita
286 951 361 989 duo
388 951 539 993 foliola,
575 951 700 989 duaeve
736 950 876 988 laminae
903 951 1118 994 nascuntur,
1157 951 1375 989 adscendens
1413 955 1534 1002 primo
1561 955 1680 993 versus

86 1021 171 1052 cor,
206 1010 403 1058 eademque
422 1012 553 1047 iterum
566 1010 784 1047 descendens
803 1039 811 1052 ,
837 1010 952 1058 figura
969 1022 1069 1059 pares
1084 1039 1094 1053 ‚
1132 1023 1219 1059 quas
1239 1012 1333 1048 inter
1354 1011 1522 1051 cellulosa
1543 1014 1610 1051 tela
1625 1016 1680 1051 inq

87 1069 247 1106 tercedit.
284 1068 447 1107 Direciio
472 1069 544 1106 fere
567 1069 616 1106 est
635 1098 644 1111 ‚
678 1069 822 1117 qualem
846 1069 941 1112 dixi,
966 1069 1102 1107 faciunt
1127 1077 1248 1107 tamen
1261 1083 1445 1109 ramorum
1459 1073 1681 1110 venosorum

86 1127 156 1166 suis
182 1141 270 1176 cum·
287 1130 423 1166 truncis
445 1127 571 1165 diversi
587 1128 732 1176 anguli,
761 1141 807 1165 ne
828 1127 912 1166 fitus
929 1128 1150 1167 valvularum
1164 1130 1329 1167 constans
1345 1130 1411 1168 eise
1428 1131 1542 1180 poffit.
1578 1131 1680 1170 Dan-2

84 1194 145 1225 tur
172 1187 262 1224 adeo
284 1188 320 1223 ἃ
342 1188 519 1224 inclinatae
541 1187 689 1224 valvulae
703 1215 713 1229 ‚
752 1199 904 1236 quarum
934 1200 1035 1225 arcus
1056 1188 1160 1225 cordi
1185 1189 1355 1228 obversus
1373 1202 1489 1228 cornu
1508 1191 1604 1229 aliud
1623 1192 1681 1230 su-=

85 1248 205 1296 perius
223 1246 331 1284 habet
345 1274 354 1288 ,
383 1246 480 1284 aliud
504 1246 674 1288 inferius,
707 1245 836 1284 dantur
856 1248 962 1283 etiam
976 1238 1146 1290 inversae‚
1177 1260 1330 1297 quarum
1353 1261 1489 1287 cornua
1511 1250 1689 1289 deorsum

84 1305 287 1355 respiciunt.
323 1303 471 1343 Cornua
493 1317 581 1343 vero
603 1317 797 1348 vocamus,
834 1307 1007 1354 marginis
1032 1305 1202 1344 fluitantis
1224 1308 1400 1358 liberique
1422 1308 1570 1347 valvulae
1590 1309 1679 1347 fines

85 1371 233 1407 acutos,
265 1376 350 1402 cum
373 1366 507 1413 pariete
533 1377 633 1402 venae
654 1376 845 1402 connexos
861 1393 870 1408 ,
914 1365 1098 1414 aliquanto
1124 1366 1312 1415 longiores
1334 1379 1378 1405 eo
1403 1370 1566 1417 margine
1582 1398 1591 1411 ‚
1615 1371 1690 1419 qui

84 1423 235 1462 valvulae
263 1423 375 1460 finem
408 1423 631 1473 superiorem
656 1424 724 1461 late
749 1425 926 1461 terminat.
978 1423 1024 1462 Ea
1058 1437 1200 1463 cornua
1229 1426 1344 1464 modo
1374 1427 1542 1476 longiora
1572 1428 1687 1470 suntff⁴

84 1483 202 1520 modo
225 1483 417 1526 breviora,
454 1484 490 1520 δε
516 1484 555 1521 in
583 1482 732 1521 valvulis
757 1483 988 1531 longioribus
1020 1484 1282 1533 gracilibusque
1306 1487 1471 1534 inprimis
1499 1487 1674 1525 breviora

86 1542 141 1579 Ab
171 1554 210 1579 ea
233 1543 406 1590 marginis
427 1541 531 1579 liberi
550 1541 664 1590 figura
679 1570 688 1584 ,
725 1554 810 1580 cum
830 1544 1028 1591 antiquiori
1050 1543 1166 1581 littera
1193 1553 1418 1593 comparata,
1464 1545 1689 1593 Sigmoideas:

86 1599 242 1638 valvulas
257 1600 320 1638 AL
332 1612 352 1637 Β
364 1613 384 1638 E
397 1613 420 1638 R
434 1612 458 1637 'r
472 1613 494 1637 u
506 1614 521 1639 s
551 1601 643 1638 dixit
659 1600 679 1649 (
697 1613 718 1648 q
734 1608 758 1650 ),
793 1601 990 1651 Aliquanto
1004 1630 1014 1645 ,
1052 1615 1161 1652 quam
1185 1603 1321 1653 reliqua
1342 1604 1480 1642 valvula
1492 1633 1502 1647 ‚
1538 1606 1567 1642 is
1584 1617 1689 1643 mar*

83 1671 136 1709 go
164 1660 341 1697 valentior
369 1660 418 1696 est
445 1658 549 1710 (r).

142 1718 185 1756 In
214 1717 420 1757 universum
447 1719 594 1758 valvulae
621 1727 747 1757 tenues
774 1720 878 1763 sunt,
922 1733 1002 1770 quae
1032 1734 1078 1759 ex
1103 1723 1313 1760 membrana
1336 1725 1482 1762 interna·
1502 1737 1685 1763 venarum·

84 1777 283 1816 tenuiffima
310 1777 406 1815 faetae
433 1777 523 1816 fint:
568 1780 681 1817 robur
711 1786 831 1817 tamen
858 1780 1008 1830 aliquod
1041 1782 1175 1819 habent
1191 1810 1201 1825 ,
1240 1784 1277 1819 ἃ
1305 1782 1485 1832 splendidi
1510 1784 1646 1834 aliquid
1664 1813 1674 1827 2

84 1837 181 1887 quasi
207 1838 392 1880 tendinei,
431 1837 693 1876 FABnlcio
716 1840 788 1886 jam
809 1839 1029 1878 observante.
1068 1841 1267 1891 Utcunque
1294 1853 1382 1880 vero
1407 1844 1562 1881 robustae
1585 1843 1681 1886 sint,

82 1896 289 1946 frequenter
315 1905 437 1934 tamen
456 1900 599 1946 reperio
616 1926 625 1940 ,
663 1910 681 1935 a
705 1898 856 1936 modico
883 1900 946 1937 illo
975 1899 1099 1938 venofi
1123 1901 1305 1950 sanguinis
1339 1901 1477 1940 fluento
1504 1903 1673 1945 lacerari⁹

86 1956 122 1992 ἃ
152 1957 280 1992 mediis
309 1956 546 1994 foraminibus
568 1985 577 1999 ‚
622 1960 716 1994 inter
746 1959 947 1996 reticulatas
981 1958 1085 1996 fibras
1115 1968 1262 2009 patere:
1312 1960 1488 2007 ejusmodi
1519 1961 1676 2000 valvulas

85 2016 215 2050 nonin
242 2016 440 2051 coronariae
469 2027 568 2051 venae
593 2015 685 2052 ostio
701 2044 710 2057 ,
752 2023 812 2053 aut
833 2019 925 2055 auris
955 2017 1088 2055 dextrae
1103 2047 1114 2062 ,
1147 2019 1206 2057 sed
1230 2031 1295 2067 per
1310 2027 1430 2057 totum
1452 2032 1583 2070 corpus
1603 2021 1679 2070 passs-

83 2070 149 2109 sim
167 2072 247 2109 vidi.
1468 2083 1472 2086 '

144 2130 230 2168 Imae
251 2133 343 2180 parti
364 2131 511 2170 valvulae
528 2160 537 2175 ‚
577 2145 655 2181 qnae
678 2145 762 2170 cum
781 2147 871 2171 vena
895 2135 1051 2173 cohaeret
1065 2165 1074 2179 ,
1105 2136 1289 2175 robustior
1306 2141 1322 2187 (
1337 2150 1353 2176 s
1368 2138 1408 2187 ),
1442 2140 1478 2176 8(
1502 2138 1590 2188 saepe
1612 2139 1682 2176 du÷

87 2192 161 2228 rior
196 2191 232 2227 ἃ
264 2190 390 2228 callosa
417 2191 491 2229 fere
525 2199 650 2229 natura
680 2193 751 2237 est,
795 2205 957 2241 aggerem
985 2195 1076 2234 dixit
1109 2195 1378 2236 MORGAGN
1396 2210 1448 2236 us
1480 2198 1582 2248 (t),
1621 2197 1675 2236 lli„

1111 2254 1133 2292 S
1197 2267 1219 2295 2
1562 2256 1683 2312 ¹822*

128 2339 265 2378 (q)l'
269 2352 344 2379 cp.
377 2346 445 2382 163.

125 2381 272 2417 (r)Sa
259 2392 371 2413 nunc
397 2383 483 2413 truite
506 2386 546 2414 du
574 2394 646 2415 coeur
673 2385 707 2415 T.
737 2385 772 2416 H.
796 2396 824 2424 p.
852 2391 919 2425 678.

124 2422 275 2457 (5)Se
289 2424 469 2456 Niieibid.

124 2462 244 2501 (t)l.
272 2474 351 2495 c..n
383 2475 428 2504 39.
