2003 2748
289 187 374 227 480
847 173 1002 212 LIB.
1066 172 1166 213 IV,
1233 172 1408 214 COR.

289 278 328 313 in
349 275 493 322 organis
523 270 689 308 vitalibus
717 268 820 307 fibras
852 269 992 318 spitales
1027 270 1064 306 &
1099 276 1348 308 concatenatas
1373 267 1679 319 deprehenderet,
1714 267 1770 309 eas
1798 285 1880 313 cum

289 337 331 372 iis
360 332 532 370 machinis
562 331 805 378 comparavit,
842 331 878 366 in
892 329 1022 378 quibus
1038 329 1159 367 multae
1178 336 1266 366 rotae
1281 329 1432 366 dentatae
1449 329 1481 366 se
1510 330 1665 367 invicem
1681 331 1879 379 inpellunt:

235 390 240 391 ⁷
286 395 482 430 immemor
508 401 639 438 nempe
671 388 917 426 musculorum
948 387 1171 437 respirationi
1200 389 1424 430 dicatorum,
1461 387 1688 426 &transversi
1704 391 1882 439 imprimis

286 451 393 499 septi,
429 452 467 486 in
493 449 623 497 quibus
649 447 739 484 nihil
768 447 968 497 quidquam
991 449 1186 496 reperitur,
1223 447 1325 497 quod
1343 460 1361 484 a
1388 449 1578 485 communi
1609 448 1878 493 musculorum,

288 510 467 547 voluntati
487 508 759 549 obnoxiorum,
786 507 917 544 fabrica
937 505 1104 544 diffideat.

344 567 541 617 Aliquanto
568 565 729 604 subtilius
750 565 802 603 Ill.
837 566 1020 604 Archiater
1045 565 1209 604 Rufficus
1238 566 1423 613 ,lohannes
1450 566 1495 603 de
1521 565 1731 605 GORTER
1752 567 1818 618 (i)
1840 569 1881 607 fi.

282 628 356 665 bris
380 628 551 664 omnibus
576 625 741 663 vasorum
768 626 818 666 (la
834 626 875 673 ),
911 624 1086 662 viscerum
1113 625 1158 673 (l
1170 625 1208 671 >,
1244 626 1281 662 &
1301 624 1549 663 musculorum
1578 626 1737 665 vitalium
1754 656 1764 670 ‚
1799 640 1881 666 cor-

283 688 339 724 dis
364 686 454 724 adeo
479 687 513 723 &
540 685 726 734 pulmonis
751 684 820 732 (m
840 684 877 730 ),
914 685 950 720 Sc
968 683 1096 721 offium
1113 684 1132 732 (
1150 684 1204 730 n)
1231 684 1411 734 denique,
1446 691 1590 721 motum
1614 686 1757 723 vitalem
1771 686 1884 725 inesse

283 746 431 788 docuit,
451 744 658 782 irritabilem
670 755 802 792 nempe
814 750 976 781 naturam
989 771 998 785 ,
1015 742 1036 779 S
1049 755 1073 779 T
1087 754 1109 779 A
1121 755 1146 779 Η
1161 755 1180 779 L
1196 755 1207 779 1
1224 755 1236 779 1
1252 756 1273 781 v
1287 755 1306 781 ε
1319 749 1449 780 tonum.
1478 742 1623 781 Deinde
1636 746 1880 792 conjecturam

281 804 492 854 proposuit:
528 805 563 841 ὃς
588 803 760 840 alternam
787 809 1073 852 perpetuamque
1096 803 1134 839 in
1158 810 1264 840 motu
1297 802 1538 841 constantiam
1567 802 1660 840 nasci
1684 803 1880 853 suspicatus

283 864 353 906 est,
388 865 531 912 quoties
563 862 650 900 fibra
682 862 860 900 contracta
886 874 1039 899 nervum
1058 861 1162 899 suum
1193 864 1414 910 conprimit,
1449 870 1556 910 atque
1573 862 1664 900 adeo
1696 862 1882 902 musculo-¹

280 922 404 960 sorum
433 922 604 959 villorum
629 921 827 958 contraitio
857 919 921 958 fibi
950 919 1014 970 ipfi
1038 921 1113 958 vim
1142 920 1329 958 nervosam
1363 920 1532 969 subripit,
1567 934 1586 958 a
1621 933 1692 970 qua
1723 920 1881 963 efficacia

280 981 530 1019 musculorum
553 980 698 1029 pendet.
734 979 871 1017 Contra
897 979 1049 1017 relaxata
1081 979 1168 1016 fibra
1184 992 1297 1018 nervo
1317 980 1521 1018 libertatem
1541 979 1662 1017 reddit
1685 982 1733 1029 (o
1749 981 1788 1027 ),
1814 983 1881 1032 qui

279 1041 390 1088 paulo
423 1040 504 1089 post
529 1039 732 1077 musculum
756 1040 793 1075 in
818 1040 977 1087 priorem
997 1040 1266 1076 contrationem
1288 1041 1367 1077 ciet.

339 1098 480 1137 Verum
507 1100 613 1136 etiam
633 1099 669 1135 in
692 1097 759 1135 hac
786 1097 977 1147 hypothesi
1005 1099 1058 1135 vir
1085 1097 1137 1136 Ill.
1173 1100 1283 1136 nimis
1314 1097 1427 1137 latum
1460 1100 1655 1149 imperium
1674 1106 1810 1139 naturae
1831 1102 1882 1138 ir:-

276 1158 409 1196 ritabili
446 1158 565 1200 dedit,
601 1156 703 1207 quod
735 1157 842 1194 unice
877 1156 972 1194 fibrae
997 1157 1205 1195 musculosae
1231 1158 1449 1195 NATURA
1483 1159 1672 1204 conceffit‚
1709 1160 1746 1197 &
1773 1161 1877 1198 omni

277 1217 379 1255 alteri
403 1217 473 1255 sive
501 1216 617 1259 fibrae,
652 1215 724 1253 five
740 1215 925 1265 particulae
941 1216 1084 1254 animali
1099 1217 1136 1253 id
1152 1217 1386 1266 privilegium
1403 1219 1557 1266 negavit.
1593 1217 1681 1256 Eam
1706 1220 1804 1256 enim
1824 1219 1877 1257 10:

274 1288 364 1324 gem
404 1288 468 1325 per
506 1276 751 1325 experimenta
777 1287 856 1312 mea
907 1275 1155 1312 confirmatam
1191 1275 1257 1313 effe
1291 1276 1515 1325 persuadeor.
1560 1276 1707 1314 Deinde
1742 1277 1876 1317 alterna

277 1335 336 1372 illa
367 1334 537 1373 fibrarum
563 1346 834 1383 nervorumque
866 1335 956 1372 aelio
979 1334 1232 1383 phaenonienis
1258 1343 1446 1385 repugnat.
1484 1335 1643 1381 Quoties
1669 1337 1768 1373 enim
1792 1339 1871 1386 qui-

275 1406 422 1443 cunque
445 1393 626 1432 musculus
654 1395 691 1430 in
717 1405 827 1442 opere
856 1393 919 1431 suo
945 1393 1125 1436 versatur,
1160 1396 1268 1431 toties
1300 1396 1426 1443 utique
1458 1394 1494 1430 &
1522 1393 1619 1432 fibrae
1653 1395 1877 1434 contrahum

275 1460 356 1495 tur,
394 1454 429 1490 ἃ
451 1454 553 1491 nervi
583 1465 654 1490 una
679 1454 752 1489 vim
781 1452 879 1490 suam
902 1454 941 1489 in
970 1452 1133 1491 musculo
1170 1460 1348 1490 exercent.
1384 1453 1473 1491 Non
1502 1465 1591 1502 ergo
1625 1454 1758 1492 alterna
1783 1459 1877 1492 tem-'

272 1524 362 1561 pora
390 1511 491 1554 sunt,
528 1512 658 1561 quibus
693 1508 794 1548 fibrae
825 1513 877 1549 vis
912 1512 1128 1549 contradilis
1161 1520 1367 1556 exercetur,
1403 1524 1677 1562 nervorumque
1707 1512 1876 1553 efficacia*

272 1569 472 1620 Denique,
507 1570 532 1607 fi
561 1572 715 1608 omnino
742 1571 785 1608 ab
815 1570 882 1608 hac
910 1583 1110 1609 nervorum
1137 1571 1410 1621 conpressione,
1446 1584 1555 1621 quam
1575 1584 1594 1609 a
1618 1572 1715 1610 fibris
1737 1575 1875 1611 carneis

271 1632 458 1678 patiuntur
474 1658 484 1672 ‚
518 1630 651 1668 alterna
672 1630 890 1668 lacertorum
920 1632 1020 1680 quies
1046 1632 1083 1668 in
1101 1631 1211 1669 corde
1227 1633 1341 1670 oritur
1357 1660 1366 1674 ,
1402 1631 1493 1668 nihil
1506 1631 1615 1669 video
1632 1631 1844 1671 discriminis
1856 1635 1873 1676 ,·’

270 1699 336 1726 cur
359 1701 436 1726 non
460 1701 587 1726 omnes
617 1689 675 1727 alii
705 1690 743 1726 in
774 1701 929 1739 corpore
957 1690 1101 1727 animali
1132 1691 1285 1729 musculi
1315 1691 1455 1729 alterno
1483 1697 1589 1728 motu
1620 1698 1799 1744 perpetuo
1816 1694 1874 1729 re-'

269 1754 409 1795 gantur.
446 1747 631 1786 Omnibus
658 1749 757 1785 enim
776 1748 902 1786 eadem
928 1755 1054 1787 natura
1075 1749 1144 1794 est,
1181 1751 1218 1788 ὃς
1238 1752 1370 1800 pariter
1389 1749 1486 1787 fibrae
1515 1750 1796 1794 contrahuntur,
1832 1751 1874 1790 ἃ,

270 1803 444 1842 omnibu³s
473 1808 575 1843 nervi
607 1807 695 1843 sunt.
733 1805 913 1854 Oportet,
951 1810 989 1845 in
1012 1808 1229 1857 hypothesi,
1264 1821 1396 1847 nervos
1430 1811 1475 1846 in
1496 1809 1607 1846 corde
1635 1809 1868 1858 vitalibusque

271 1865 416 1911 organis
442 1876 460 1900 a
485 1863 581 1900 fibris
606 1865 806 1913 conprimi:
842 1866 880 1901 in
905 1863 1119 1902 voluntariis
1148 1867 1286 1903 lacertis
1311 1869 1355 1904 ab
1381 1879 1421 1904 ea
1450 1866 1713 1915 compreffione
1734 1867 1871 1905 liberos

270 1917 350 1960 effe.
385 1914 494 1960 Nulli}
520 1934 606 1959 vero
634 1924 671 1958 in
704 1921 835 1959 fabrica
868 1923 1046 1960 diversitas
1072 1924 1306 1972 producitur,
1346 1937 1425 1974 quae
1461 1936 1593 1962 nervos
1617 1927 1656 1963 in
1686 1926 1797 1964 corde
1827 1925 1870 1973 fi:

271 1982 416 2019 brarum
445 1981 683 2019 contraffitioni
712 1979 892 2029 subjiciat,
925 1983 964 2019 in
993 1982 1068 2019 aliis
1098 1994 1185 2020 vero
1217 1985 1360 2031 organis
1392 1982 1579 2021 subtrahat.

593 2074 626 2115 ἓ.
660 2069 702 2108 Χ
720 2069 746 2107 Ι.
814 2070 936 2119 Neque
964 2071 1150 2109 Stahliana
1184 2075 1308 2111 mzimae
1320 2071 1477 2122 potestas.

329 2161 514 2209 Superest,
549 2167 590 2198 ut
614 2159 804 2197 Suum
821 2173 834 2197 1
863 2159 1042 2202 theoriam
1068 2163 1226 2203 breviter
1264 2170 1433 2217 tangam,
1482 2166 1548 2215 qui
1577 2174 1653 2204 uno
1683 2164 1771 2205 enfis
1793 2165 1867 2205 iem

1787 2234 1867 2262 omi

309 2275 322 2310 (
344 2276 354 2302 i
377 2276 391 2309 )
413 2274 446 2304 ln
469 2276 591 2305 Exercit.
616 2277 648 2304 de
668 2282 749 2306 motu
764 2279 854 2309 vitali.

309 2315 384 2351 (k)
408 2325 435 2343 n.
458 2319 504 2344 60.
535 2320 584 2354 σς.
608 2320 654 2346 66.
679 2321 725 2354 67.
757 2327 805 2356 73.

306 2356 380 2391 (l)
404 2364 430 2383 n.
457 2361 503 2384 60.
534 2360 581 2387 61.
608 2360 655 2394 68.
686 2361 732 2394 69.

304 2396 381 2431 (m)
404 2404 431 2425 n.
459 2403 504 2431 70.

306 2436 317 2470 (
336 2437 384 2471 n)
407 2444 434 2463 n.
463 2443 509 2471 71.

302 2477 316 2513 ζ
335 2487 349 2505 ο
368 2476 381 2513 )
403 2485 431 2508 n·
461 2484 506 2513 39.
