2003 2748
332 149 378 174 ,ο
578 128 709 173 LJB.
744 131 774 171 J.
824 116 1663 179 CORP.H1PM.ELEMENTA:

329 228 727 280 SiegfridALBxNus
757 227 863 275 (lc),
899 228 935 264 &
959 229 1013 265 vir
1033 238 1115 276 gen.
1146 227 1475 276 CarolusAugustws
1493 241 1511 266 a
1529 228 1732 267 Benene
1751 227 1847 280 (l),
1878 232 1916 271 ἃ

326 292 445 329 noster
475 288 565 326 olim
584 287 727 326 auditor
746 315 755 330 ‚
804 284 934 325 David
958 286 1222 334 Christophorus
1247 287 1405 326 Senon
1421 301 1433 327 1
1445 299 1576 334 NGER
1590 317 1598 331 ‚
1629 289 1790 328 medicus
1814 304 1916 330 nunc

326 347 558 397 Sangallensis
577 376 589 390 ‚
622 348 684 396 qui
711 346 839 387 nostra!
858 348 1006 384 inventa
1031 346 1154 384 multis
1181 348 1286 384 etlam
1308 347 1377 385 suis
1407 350 1662 397 experimentis
1679 377 1689 391 ,
1723 337 1914 389 confirma-

324 412 377 446 vit
402 409 520 455 (m),
559 408 594 443 &
633 404 837 454 Franciscm
860 405 1119 448 Tnlssnnv,
1159 407 1220 455 qni
1251 407 1331 455 post
1353 407 1471 444 nostra
1502 415 1732 456 argumenta,
1765 409 1914 447 cellulo-

323 468 394 505 sam
417 467 524 504 telam
550 478 617 515 pro
643 467 790 502 materie
820 465 1074 514 plerarumque
1097 467 1261 517 corporis
1279 465 1427 503 humani
1448 469 1603 516 partium
1623 467 1799 515 adgnovit
1819 469 1907 516 (n).

381 525 484 572 Quas
503 525 600 562 sedes
620 525 696 562 haec
717 525 784 561 tela
804 532 921 561 teneat
938 553 947 567 ,
982 524 1139 574 sequitur
1170 534 1209 562 nt
1232 525 1443 563 indicemus.
1480 525 1523 563 Et
1544 529 1663 575 primo
1681 527 1829 575 quidem
1845 541 1913 565 un-

322 587 431 636 dique
448 585 510 623 snb
535 586 697 633 corporis
716 584 865 621 humani
891 586 1052 632 tegmine
1068 613 1078 626 ,
1114 584 1151 621 id
1179 586 1270 621 inter
1295 585 1528 622 &musculos
1546 613 1555 627 ‚
1588 584 1754 623 cellulosa
1781 587 1911 625 fabrica

320 646 474 694 plurima
498 645 548 681 est
564 672 572 686 ‚
609 656 717 692 quam
736 646 828 680 inter
850 644 1036 681 involucra
1059 645 1222 692 corporis
1247 643 1400 681 universi
1427 644 1577 682 vetustas
1604 647 1830 688 numeravit,
1873 648 1910 683 &

321 705 429 753 adeps
453 716 546 753 pene
567 703 723 752 ubique,
755 702 968 752 pauciffimis
993 703 1081 740 locis
1106 705 1265 752 exceptis
1282 732 1293 746 ,
1325 703 1502 752 plurimus
1527 703 1650 752 replet.
1686 703 1831 741 Deinde
1849 716 1910 742 ex-
1935 733 1937 735 -

322 766 432 801 terior
457 765 570 801 ambit
589 775 735 811 magnas
763 763 836 799 illas
859 763 1082 799 membranas
1097 791 1106 805 ,
1143 775 1222 812 quae
1239 764 1402 811 corporis
1425 763 1573 800 humani
1592 762 1718 800 viscera
1736 762 1802 801 suis
1823 776 1910 813 qua-

318 824 342 861 fi
364 824 469 860 saccis
493 824 691 859 continent.
725 821 921 859 Efflorescit
943 821 1034 859 adeo
1058 834 1102 859 ex
1119 822 1307 870 pericardii
1330 823 1364 859 &
1384 822 1516 871 pleurae
1532 829 1677 859 externa
1694 823 1781 860 facie
1805 824 1853 869 (ο
1869 824 1906 869 ),

315 883 482 932 ,undique
494 911 502 924 ‚
525 889 603 919 tum
619 894 688 931 qua
704 894 743 918 ea
757 881 923 918 musculis
941 882 1225 919 intercostalibus
1242 883 1276 918 ἃ
1295 881 1394 930 septo
1415 881 1594 919 tranverso
1621 883 1657 918 8<
1684 883 1854 919 vertebris
1871 883 1908 918 &

320 943 426 980 costis
450 942 595 979 fulcitur
611 970 620 984 ,
642 949 720 978 tum
739 954 807 990 qua
827 941 901 978 duo
929 942 1060 989 pleurae
1085 941 1172 978 sacci
1191 940 1254 978 fibi
1285 940 1422 978 obversi
1453 941 1702 978 mediastinum
1733 940 1909 984 efficium&

319 1001 452 1040 Eadem
482 1004 721 1049 peritonaeum
742 1002 759 1046 <
771 1001 828 1048 p)
867 1001 1029 1049 undique
1051 1002 1163 1037 ambit
1182 1002 1361 1042 exterior,
1394 1008 1472 1038 tum
1490 1013 1557 1050 qua
1581 999 1796 1038 notiffimam
1815 1000 1913 1038 mus-

320 1061 408 1098 culis
435 1061 640 1097 abdominis
657 1089 665 1102 ,
705 1061 741 1096 ἃ
761 1059 1021 1107 diaphragma&
1040 1061 1276 1108 conjungitur
1289 1088 1298 1102 ,
1328 1066 1406 1109 tum
1432 1072 1501 1109 qua
1523 1058 1643 1096 veficae
1658 1088 1668 1102 ‚
1697 1060 1732 1096 δε
1748 1068 1853 1098 utero
1869 1061 1910 1097 Sc

318 1120 416 1157 retlo
440 1120 608 1157 intestino
630 1148 639 1161 ,
675 1118 890 1167 renibusque
909 1120 946 1155 ἃ
966 1120 1137 1156 vertebris
1162 1121 1189 1155 is
1206 1119 1323 1157 saccus
1344 1118 1490 1161 inlidet,
1525 1119 1681 1168 denique
1708 1131 1776 1168 qua
1799 1119 1912 1157 subti-

319 1177 403 1216 liori
431 1179 546 1216 modo
577 1180 815 1227 peritonaeum
841 1177 975 1226 duplex
1002 1179 1040 1214 in
1069 1181 1252 1227 propriam
1284 1190 1426 1215 caveam
1451 1178 1566 1220 redit,
1607 1178 1755 1228 duoque
1781 1191 1819 1215 ea
1842 1177 1907 1216 fibi

319 1237 466 1276 obversa
491 1237 575 1275 folia
601 1237 878 1279 mesenterium,
915 1236 1124 1274 mesocolon
1146 1266 1155 1279 ‚
1193 1239 1303 1274 aliave
1331 1237 1502 1275 viscerum
1524 1237 1730 1274 abdominis
1756 1239 1790 1275 &
1813 1238 1910 1275 uteri,

317 1298 443 1335 latiora
467 1297 660 1346 ligamenta
685 1295 854 1334 efficiunt.
903 1296 1049 1346 Ubique
1070 1298 1167 1333 enim
1190 1296 1419 1334 intervallum
1443 1309 1569 1334 earum.
1587 1297 1739 1334 dua-rum
1757 1296 1906 1334 lamina-

317 1369 399 1394 rum
420 1356 630 1394 cellulofitas
662 1357 821 1393 exterior
849 1356 972 1405 replet.
1005 1355 1137 1393 Eadem
1158 1355 1261 1392 simili
1283 1356 1397 1393 modo
1417 1358 1508 1393 inter
1530 1357 1716 1405 peritonaei
1747 1355 1874 1394 faciem
1889 1384 1902 1399 2

319 1429 399 1466 quae
416 1425 562 1453 externa
584 1416 670 1458 fuit,
705 1417 739 1452 δι
765 1427 863 1452 nunc
887 1415 1096 1452 membrana
1123 1417 1255 1452 extima
1283 1415 1414 1452 dicitur
1439 1415 1691 1452 intestinorum
1708 1443 1718 1458 ‚
1755 1416 1791 1452 &
1818 1428 1904 1452 ven-

317 1475 459 1518 tricnli‚
493 1476 529 1512 &
557 1474 716 1512 veficulae
734 1474 868 1517 felleae‚
893 1487 971 1511 eam
992 1475 1239 1512 membranam
1266 1472 1374 1511 efficit
1396 1502 1404 1516 ,
1440 1486 1548 1523 qnam
1571 1474 1747 1511 cellulosae
1778 1477 1906 1524 primae

316 1537 468 1572 nomine
490 1534 677 1583 adpellant.
715 1533 886 1582 Denique
909 1534 1076 1571 cellulosa
1095 1533 1162 1570 tela
1184 1562 1193 1576 ,
1228 1533 1390 1570 subtilior
1417 1533 1585 1582 equidem
1601 1562 1610 1575 ‚
1656 1532 1902 1571 arachnoideae

317 1595 468 1630 nomine
491 1595 585 1642 pium
603 1593 847 1629 membranam
868 1593 1004 1628 cerebri
1028 1593 1064 1628 δε
1081 1592 1247 1628 cerebelli
1262 1594 1419 1628 exterior
1438 1592 1670 1640 amplectitur.
1706 1592 1775 1628 Sed
1795 1594 1903 1629 etiam

315 1654 390 1690 aliae
414 1653 630 1688 membranae
655 1652 808 1700 propriae
834 1649 1032 1694 viseerum,
1064 1650 1183 1688 cordis
1198 1679 1206 1693 ‚
1242 1650 1427 1699 pulmonis
1446 1679 1456 1693 ,
1483 1652 1576 1687 renis
1591 1678 1600 1692 ,
1635 1649 1811 1688 cellulofis
1834 1650 1906 1688 filis

315 1712 382 1749 fuis
415 1723 499 1749 cum
526 1711 681 1758 subjecto
704 1709 981 1759 parenchymate
1007 1711 1263 1748 revinciuntur.

374 1771 489 1808 Porro
507 1770 630 1807 eadem
652 1769 818 1808 cellnlosa
837 1769 904 1806 tela
930 1768 1175 1807 musculorum
1200 1770 1217 1815 (
1235 1782 1254 1815 q
1273 1769 1290 1815 )
1319 1769 1354 1806 &
1385 1767 1488 1806 fibras
1503 1796 1512 1811 ,
1544 1769 1579 1805 ἃ
1601 1768 1766 1812 fibriHas,
1795 1769 1830 1806 &
1851 1769 1902 1807 Ia-

316 1838 435 1869 certos
451 1859 460 1872 ‚
497 1831 532 1867 &
557 1837 656 1867 totos
672 1838 812 1867 ventres
835 1829 996 1877 undique
1019 1828 1242 1878 amplestitur
1256 1828 1461 1877 neelitque',
1499 1835 1538 1864 ut
1557 1828 1791 1876 &integrum
1807 1830 1901 1867 circa

315 1890 518 1928 musculum
539 1889 675 1927 saccum
697 1889 820 1930 faciat,
859 1888 894 1924 δε
917 1890 1007 1925 circa
1025 1887 1183 1935 singulos
1200 1887 1351 1924 lacertos
1366 1915 1375 1929 ‚
1407 1886 1580 1935 fibrasque
1596 1885 1772 1935 singulas,
1805 1888 1840 1924 &
1858 1887 1899 1923 fi-

315 1950 433 1986 brillas
454 1949 622 1990 demum,
651 1948 694 1985 ad
721 1950 868 1984 minima
884 1947 994 1996 usque
1022 1946 1077 1983 fila
1098 1949 1243 1995 vaginas
1265 1946 1348 1988 det,
1383 1958 1427 1983 eo
1450 1946 1645 1982 teneriores
1668 1947 1703 1982 ὃς
1720 1947 1835 1994 magis
1857 1945 1899 1982 fi-

314 2009 433 2046 brosus
446 2038 454 2051 ,
477 2020 551 2057 qno
574 2007 734 2045 subtilior
752 2018 876 2044 carnea
897 2005 1022 2043 fibrilla
1043 2007 1148 2043 fuerit
1161 2034 1169 2048 ,
1198 2005 1274 2042 latis
1292 2017 1377 2042 vero
1396 2005 1535 2041 laminis
1552 2004 1777 2053 conspicuam,
1805 2017 1898 2054 quo-

315 2071 380 2105 ties
401 2070 567 2116 ingentes
584 2066 765 2105 musculos
787 2067 909 2114 cingit.
942 2065 1076 2114 Neque
1103 2065 1216 2103 ullum
1236 2064 1464 2113 exemplum,
1502 2072 1562 2101 aut
1581 2065 1618 2102 in
1634 2063 1805 2107 homine,
1836 2071 1898 2101 aut

691 2133 694 2137 ’
1826 2123 1897 2161 alio

380 2218 421 2254 k)
443 2216 474 2246 ln
492 2216 550 2246 diss.
568 2216 610 2246 Ill.
626 2216 717 2246 fratris
731 2217 763 2246 de
776 2216 970 2255 intcstino‘rum
984 2215 1244 2253 tenuiumfirbrica,
1260 2216 1287 2246 δι
1303 2225 1392 2252 nuper
1404 2215 1433 2244 in
1450 2214 1483 2244 T.
1502 2214 1537 2244 Π.
1553 2220 1652 2244 annot.
1669 2215 1897 2244 academicarum

381 2260 415 2295 l)
440 2261 480 2288 De
495 2259 661 2286 membrana
674 2256 798 2291 cel'ulollz
815 2258 943 2288 Francof.
962 2259 997 2287 ad
1013 2256 1113 2288 Viadr.
1134 2267 1198 2286 ann.
1219 2265 1303 2290 ¹7³2-
1324 2258 1349 2286 ἃ
1369 2257 1396 2285 in
1410 2255 1572 2284 colli-aionis
1592 2255 1687 2294 nrfirae
1701 2256 1784 2286 Tom.
1803 2254 1853 2285 ΙΙΙ.

377 2310 386 2327 1
398 2310 406 2327 z
420 2300 432 2335 )
451 2302 493 2328 De
502 2299 559 2326 telae
569 2297 693 2336 cellultyk
705 2297 854 2335 injialwim
863 2300 983 2335 corporis
994 2300 1117 2327 humani
1126 2299 1268 2336 dignitate
1276 2297 1404 2334 Gotting.
1427 2308 1430 2312 ·
1442 2302 1507 2333 748.

412 2341 424 2376 )
446 2338 480 2369 In
495 2338 561 2376 disp.
589 2340 659 2376 Ergo
672 2341 702 2368 in
717 2337 839 2377 ceslulofi)
861 2345 942 2368 textu
949 2338 1126 2378 frequentius
1139 2340 1230 2368 morbi
1242 2339 1277 2375 ἐξ
1293 2339 1458 2367 morborum
1475 2339 1642 2368 curationes.
1663 2336 1744 2371 Paris.
1764 2346 1851 2378 1749.
1865 2346 1895 2375 4,

405 2380 418 2417 )
441 2380 509 2410 Fuse
532 2380 642 2409 dicetur
660 2380 688 2409 in
712 2379 750 2408 lib
786 2379 832 2409 lv.
859 2381 892 2409 tie
909 2381 999 2410 corde.

411 2421 423 2457 )
447 2420 625 2457 Descriptum
647 2420 727 2449 dedit
744 2420 918 2458 Douglcfflus
935 2422 961 2451 δι
986 2421 1012 2451 H
1027 2431 1040 2450 n
1054 2431 1074 2450 rs·
1088 2432 1100 2452 s
1115 2431 1157 2463 ¹2¹
1172 2431 1190 2451 o
1205 2431 1212 2449 ι
1225 2432 1242 2451 υ
1256 2431 1268 2451 s
1282 2444 1290 2457 ‚
1314 2421 1343 2449 in
1369 2420 1417 2452 lib.
1443 2421 1476 2451 de
1486 2422 1642 2460 peritonaeo.

410 2462 423 2496 )
445 2460 624 2493 Describetur
647 2461 746 2493 eadem
771 2463 908 2492 minutius
926 2462 954 2492 in
972 2462 1018 2493 lib.
1038 2464 1073 2492 cie
1089 2468 1170 2493 motu
1186 2461 1388 2503 mtffculorum.

388 2310 397 2327 ν

355 2219 366 2253 (

354 2261 364 2292 ί

354 2299 365 2333 (

353 2341 362 2369 (

352 2382 362 2412 (

352 2422 364 2455 (

352 2462 366 2498 (

378 2350 399 2500 *avez
