2003 2748
320 190 400 228 124
823 172 1400 216 ‘LIBILVASAS

923 287 957 329 ς.
993 282 1075 322 IV.
1142 282 1304 322 Fabrica.

383 398 482 436 Color
504 396 590 434 alius
610 394 655 432 ab
679 394 812 433 arteriis
843 393 916 431 est:
953 393 1002 430 ob
1028 394 1241 430 tenuitatem
1271 395 1368 431 enim
1396 395 1574 444 parietum
1597 394 1765 440 suorum,
1790 393 1907 447 'atque

316 460 528 507 sanguinem
544 453 825 505 frequentiffime
843 455 880 490 in
901 464 1046 489 caveam
1063 452 1234 492 venosam
1258 454 1475 502 congestum
1489 483 1498 497 ‚
1535 456 1691 494 caeruleae
1711 456 1879 495 videntur
1893 485 1904 500 ,

304 519 380 567 *qui
400 517 504 555 color
527 529 546 553 a
575 523 657 553 cute
677 514 754 551 alba
773 542 782 555 ‚
819 513 854 549 δι
876 511 1068 560 sanguinea
1095 523 1253 561 purpura
1279 515 1525 562 componitur.
1569 514 1665 554 Raro
1691 517 1738 554 ita
1763 518 1907 567 penitus

315 578 545 618 inaniuntur,
585 576 674 624 quin
699 573 879 621 sanguinis
902 571 1092 620 vestigium
1122 571 1269 620 aliquod
1295 574 1480 610 retineant.

377 635 528 673 Fahrlca
548 635 698 671 interior
714 662 723 676 ‚
760 644 869 681 quam
890 631 1024 668 arteriis
1040 659 1049 673 ,
1082 629 1277 678 simplicior
1297 632 1346 668 est
1360 659 1368 674 ,
1404 633 1440 670 &
1456 632 1532 671 satis
1552 633 1738 683 insigniter
1758 635 1910 673 diversa.'

315 695 423 734 Abest
436 708 455 732 a
466 696 566 731 venis
576 693 686 730 solida
699 692 755 729 illa
767 691 935 729 tendinea
948 702 1144 738 compages
1158 719 1166 732 ,
1186 702 1265 738 quae
1279 693 1487 729 arteriarum
1500 695 1717 743 praecipuam
1729 695 1907 732 membra-

314 767 400 792 nam
411 752 520 791 efficit
532 753 604 800 (n).
629 751 767 791 Absunt
779 751 934 788 omnino
946 748 1043 791 fibrae
1055 749 1263 788 nmscssulosae
1274 749 1472 788 transversae
1487 780 1497 794 ‚
1520 765 1599 801 quae
1615 755 1651 790 in
1664 756 1799 791 arteriis
1814 754 1906 791 adeo

316 814 502 852 evidenter
523 812 704 862 adparent.
739 809 896 849 Dudum
918 808 1078 846 VESAL
1094 821 1106 845 1
1124 821 1144 845 υ
1158 821 1172 846 s
1199 809 1357 857 ingenue
1385 809 1487 848 fassus
1510 812 1579 854 est,
1617 824 1702 851 cum
1719 826 1774 851 eas
1803 813 1908 850 fibras

313 873 496 922 ‚discipulis
518 871 761 910 demonstrare
786 869 895 907 vellet
911 897 920 911 ,
956 881 1034 905 non
1058 867 1228 906 'mveuiffe
1243 897 1252 910 ‚
1285 869 1387 918 quod
1418 870 1622 909 ostenderet
1648 874 1700 920 (o
1717 872 1759 920 ),
1807 874 1843 909 &
1867 872 1907 908 fi-

312 933 414 971 milia
440 930 500 969 FA
512 945 533 970 L
546 944 567 969 L
581 943 604 968 o
618 942 636 967 P
650 943 662 967 1
680 942 691 966 1
723 931 739 978 (
754 937 779 977 p
797 929 817 978 >
833 957 843 971 ,
895 928 1123 979 aliorumque
1155 927 1337 966 clarorum
1371 929 1541 968 vivorum
1578 932 1598 981 <
1614 931 1671 980 q)
1702 932 1907 970 testimonia

317 992 462 1031 exstant.

834 1051 866 1093 §-
902 1045 948 1084 V.
1014 1044 1233 1086 Membrana
1258 1048 1393 1087 intima.

374 1170 530 1212 Intinm,
568 1180 653 1207 nam
669 1167 819 1217 perinde
837 1166 907 1210 est,
941 1165 1040 1204 unde
1069 1168 1226 1206 oriamur
1243 1196 1252 1209 ,
1292 1169 1502 1207 membrana
1523 1183 1695 1209 venarum
1710 1172 1788 1209 satis
1813 1171 1907 1210 suni-

312 1231 358 1269 lis
383 1228 578 1271 arteri0[ae‚
611 1228 723 1270 levis,
762 1228 922 1268 lubrica,
958 1225 1114 1263 flexilior
1133 1239 1241 1275 quam
1267 1229 1402 1264 arteriis
1422 1229 1479 1265 est.
1515 1229 1647 1279 Neque
1674 1230 1777 1268 fibras
1804 1233 1842 1267 in
1867 1227 1907 1268 εἳ

316 1291 458 1339 reperio
475 1317 484 1330 ‚
526 1300 645 1336 neque
672 1298 808 1335 poros,
845 1284 1061 1323 insertorum
1089 1297 1221 1335 nempe
1254 1285 1419 1324 vasorum
1453 1288 1762 1337 lymphaticorum
1787 1289 1906 1329 oscula

316 1348 416 1397 (r).
452 1347 582 1386 Tubus
605 1348 767 1383 internus
788 1356 963 1382 venarum
981 1344 1131 1393 perinde
1147 1373 1157 1387 ‚
1189 1352 1230 1382 ut
1255 1346 1293 1382 in
1311 1347 1445 1383 arteriis
1465 1346 1553 1384 levis
1574 1348 1624 1385 est
1641 1376 1650 1391 ‚
1686 1348 1711 1385 fi
1740 1361 1760 1386 a
1784 1348 1907 1388 valvu-

314 1408 358 1444 lis
383 1405 568 1444 recesseris.
607 1404 706 1443 Nam
730 1405 918 1442 trabeculae
937 1405 1086 1441 interuae
1101 1433 1110 1446 ‚
1149 1405 1269 1453 quales
1290 1406 1332 1441 in
1361 1406 1529 1455 popliteae
1555 1419 1654 1445 venae
1682 1415 1828 1446 tumore
1848 1408 1901 1447 111.

315 1466 397 1504 Mo
412 1479 434 1504 a
449 1479 472 1503 G
486 1480 507 1503 A
520 1478 544 1502 G
559 1477 584 1502 N
599 1476 619 1501 u
634 1478 648 1501 s
676 1464 755 1512 (5)
782 1463 873 1501 vidit
887 1492 897 1507 ‚
934 1463 979 1500 ad
998 1462 1213 1511 singularem
1236 1464 1271 1502 ὃς
1293 1476 1407 1501 raram
1427 1465 1599 1503 fabricam
1622 1469 1804 1516 pertinent
1822 1480 1828 1504 :
1862 1467 1906 1506 Et

314 1533 391 1563 rete
412 1524 585 1563 fibrosum
604 1525 642 1561 in
659 1525 759 1561 venis
782 1522 985 1560 axillaribus
1006 1523 1229 1561 testudinum
1248 1551 1257 1565 ,
1293 1536 1312 1560 a
1337 1523 1445 1562 Claro
1463 1525 1553 1562 olim
1575 1526 1747 1575 chirurgo
1764 1527 1906 1574 johan-

316 1597 358 1622 ne
383 1584 529 1622 MERY
561 1583 633 1633 (t)
668 1582 870 1632 depictum,
906 1582 950 1619 ab
974 1582 1129 1620 humana
1155 1582 1287 1620 fabrica
1311 1583 1473 1627 recedit,
1509 1585 1546 1622 &
1570 1585 1615 1623 ad
1642 1586 1905 1625 confirmandas

317 1644 410 1683 forte
434 1644 542 1691 hujus
561 1642 722 1682 animalis
745 1654 851 1679 venas
868 1643 1047 1690 pertinet,
1085 1654 1164 1690 quae
1183 1644 1221 1679 in
1245 1641 1414 1679 diuturna
1437 1643 1515 1686 illa,
1548 1644 1611 1682 sub
1628 1647 1749 1694 aquis,
1788 1648 1824 1682 in
1847 1658 1907 1694 ves

312 1704 374 1746 >nis
400 1702 502 1741 cordi
517 1703 642 1740 vicinis
656 1701 915 1750 congestione,
944 1701 1177 1740 vehementer
1205 1708 1352 1750 turgent
1379 1702 1415 1739 &c
1440 1703 1691 1743 distenduntur
1717 1705 1811 1757 (u).

935 1815 968 1856 ἓ.
1003 1811 1040 1849 V
1058 1811 1083 1849 I.
1149 1810 1284 1850 [Uedio.

374 1922 502 1961 Media
528 1932 700 1960 venarum
729 1921 938 1958 membrana
962 1920 1148 1958 obscurior
1175 1921 1247 1963 est,
1284 1933 1404 1970 neque
1425 1929 1570 1971 oportet
1593 1924 1668 1971 ejus
1689 1923 1858 1961 fabricam
1885 1923 1907 1962 a'

308 1994 407 2020 ‘vena
423 1994 506 2020 cava
532 1981 676 2030 ejusque
704 1989 803 2030 parte
829 1979 931 2017 cordi
951 1982 1118 2029 proxima
1140 1982 1305 2018 mutuari.
1351 1980 1448 2018 Nam
1472 1995 1510 2020 ea
1538 1983 1687 2032 quidem
1713 1983 1819 2029 huJ'us
1843 1996 1905 2020 ve-

315 2053 370 2081 nae
384 2041 481 2079 sedes
501 2041 688 2079 manifesto
703 2069 713 2083 ‚
739 2041 833 2080 &in
846 2040 1016 2078 omnibus
1030 2039 1242 2078 animalibus
1263 2039 1352 2077 mihi
1370 2043 1467 2078 notis
1479 2070 1489 2086 ,
1521 2042 1719 2080 musculosa
1737 2042 1785 2080 est
1802 2044 1818 2089 (
1825 2043 1879 2091 x)
1891 2071 1901 2084 ‚

1347 2123 1386 2159 ⁶
1864 2107 1905 2139 ut

357 2163 424 2200 (n)
448 2163 523 2194 sen.
544 2161 565 2193 Ῑ.
583 2173 610 2200 p.
631 2171 680 2200 59.

358 2204 425 2239 (o)
448 2206 576 2235 Examen
590 2203 689 2241 οῌὲνυ.
712 2203 818 2241 Fallop.
836 2214 864 2242 p.
880 2210 927 2240 εἴ.

353 2245 422 2281 (p)
449 2242 559 2280 Obstru.
585 2251 666 2274 anat.
693 2254 719 2282 p.
743 2249 810 2281 ¹46·
830 2248 854 2275 ίι.
880 2247 1015 2277 editionis
1032 2247 1056 2278 I·
1081 2247 1206 2280 Venetae.

356 2285 421 2324 (q)
443 2283 490 2313 Pa
505 2294 580 2313 T1T
604 2287 641 2313 ad
660 2293 814 2321 anammen
837 2288 883 2317 ΡΑ
897 2299 1021 2319 'strui
1050 2289 1085 2319 T.
1103 2289 1125 2319 Ι.
1143 2300 1169 2329 p.
1193 2300 1260 2330 339·
1285 2291 1311 2321 &
1331 2289 1407 2320 alibi.

355 2325 422 2361 (r)
448 2327 522 2355 Nov.
544 2323 631 2363 vtp'br.
647 2323 754 2363 ijssem.
779 2337 807 2365 p.
834 2337 903 2366 ¹¹7-

350 2365 393 2401 (ς
410 2366 424 2402 )
449 2365 522 2395 [oco
544 2365 632 2395 modo
649 2367 743 2397 citato.

354 2405 367 2441 (
383 2406 423 2442 t)
447 2408 581 2436 Memoir.
608 2408 641 2435 de
668 2408 783 2438 l'Acad.
809 2410 880 2446 Roy.
902 2411 948 2439 des
958 2409 1061 2449 scient.
1093 2422 1181 2452 1703.
1199 2412 1218 2443 f.
1240 2424 1266 2451 9.

354 2446 424 2483 (u)
445 2445 564 2477 Dicetur
586 2448 616 2477 in
634 2448 694 2477 Lib.
719 2448 771 2478 IX.
798 2459 854 2486 quo
869 2450 905 2480 de
924 2451 1106 2488 respiratione
1131 2461 1237 2493 agetur.

353 2487 422 2526 (σε)
441 2487 540 2519 Fibras
555 2489 705 2520 circulares
720 2489 862 2528 deseripfit
882 2491 906 2528 J.
923 2493 1081 2535 Alphonsus
1093 2496 1141 2527 Bo
1153 2506 1172 2526 ι
1183 2505 1198 2526 n
1212 2505 1229 2525 L
1241 2506 1258 2526 ι,
1270 2503 1290 2526 υ
1303 2505 1315 2526 s
1338 2496 1372 2525 de
1385 2500 1466 2526 motu
1483 2497 1601 2528 animal.
1615 2496 1646 2527 L.
1666 2494 1700 2527 11.
1726 2491 1833 2532 Propqfi
1853 2499 1898 2531 37-
