2003 2748
340 118 422 160 360
853 109 1012 150 LIB.
1074 109 1177 148 JV.
1242 107 1422 150 COR.‘

338 210 457 260 cipem
482 209 515 249 se
541 200 579 246 in
605 214 714 246 aortae
738 206 901 246 inferiori
927 206 999 244 fine
1022 205 1095 255 (Ι)
1123 205 1346 248 admiscent,
1385 205 1422 243 ἀ
1448 203 1578 254 partim
1606 204 1759 242 comites
1790 202 1822 242 se
1850 202 1936 242 dant

337 272 472 308 arteriae
497 269 694 307 coronariae
717 267 871 309 dextrae,
902 278 987 304 cum
1009 265 1179 315 sequente
1203 265 1372 303 fasciculo
1398 263 1513 307 misti,
1548 274 1657 313 quem
1688 274 1840 312 magnus
1860 263 1936 313 ple-

337 341 406 366 xus
425 329 509 366 edit.
556 327 627 366 Sed
654 329 762 366 etlam
787 340 805 365 a
831 335 962 364 trunco
995 326 1111 363 octavi
1135 327 1249 375 paris,
1275 325 1320 362 ad
1342 326 1482 362 tertiam
1512 323 1599 361 colli
1620 323 1821 359 vertebram
1837 350 1847 364 ‚
1876 329 1937 361 aut

337 388 522 437 aliquanto
547 388 717 429 inferius,
752 399 870 425 ramus
896 385 1046 435 prodit,
1080 387 1143 435 qui
1168 385 1223 423 vel
1248 392 1357 434 auget
1379 384 1583 422 cardiacum
1612 381 1844 431 supremum,
1879 380 1938 420 vel

338 448 446 484 etiam
472 446 617 486 seorfim
645 446 831 496 parallelus
856 446 900 483 ad
924 457 988 484 cor
1019 454 1201 495 properat.

397 506 539 545 Verum
566 508 609 545 ab
630 507 763 545 eodem
794 505 962 544 cervicali
981 505 1105 542 medio
1133 503 1284 554 ganglio
1317 504 1406 542 alius
1430 515 1550 541 ramus
1575 502 1622 540 ad-
1655 501 1858 540 cardiacum
1885 499 1939 538 su-

336 579 507 617 premum
531 567 690 610 accedit,
722 577 883 615 cumque
904 577 948 603 eo
969 565 1215 613 conjungitur.
1251 563 1417 612 Augetur
1433 564 1531 601 idem
1558 575 1653 605 una,
1677 561 1830 599 alterave
1848 559 1940 597 radi-

338 638 400 670 ce,
433 639 452 664 a
475 627 627 676 gangplio
652 625 818 665 cervicali
844 624 972 663 infimo
1003 624 1209 674 prodeunte
1229 652 1240 666 ,
1274 623 1311 661 &
1332 622 1516 661 descendit
1538 622 1582 660 ad
1604 616 1773 660 carotidis
1805 620 1941 658 dextra:

338 698 423 726 cum
443 685 621 725 subclavia
644 685 831 728 confines,
864 684 1010 722 advenit
1027 683 1073 721 ad
1097 682 1254 732 asperam
1282 684 1446 721 arteriam
1461 711 1471 725 ,
1503 683 1630 731 recipit
1655 694 1733 719 non
1751 691 1831 718 raro
1847 691 1866 717 a
1886 690 1941 716 re=

337 754 505 785 currente
516 745 699 785 surculum
710 757 828 784 unum
843 744 1062 786 alterumve,
1089 744 1213 781 unitur
1237 754 1322 781 cum
1351 755 1428 781 uno
1447 770 1458 786 ,
1493 740 1698 791 pluribusve
1723 740 1841 778 nervis
1860 750 1941 777 cors

337 806 392 844 dis
413 806 545 844 infimis
563 835 573 849 ,
610 807 742 843 emittit
762 805 796 842 δε
813 803 886 854 ipse
911 802 1072 842 surculos
1093 809 1220 841 tenues
1236 830 1246 844 ‚
1278 803 1341 852 qui
1360 803 1398 839 in
1417 808 1524 840 aortae
1542 808 1674 839 trunco
1691 828 1705 843 ,,
1737 801 1847 849 inque
1865 798 1941 846 ejus

338 867 558 904 membranis
588 865 680 903 finiri
709 864 902 906 videntur,
942 864 978 901 &
1007 865 1046 900 in
1071 862 1301 912 pericardi03
1331 869 1468 900 trunco*
1484 873 1570 898 vero
1595 860 1665 898 suo«
1688 860 1787 896 venit
1815 857 1861 896 ad
1879 869 1944 895 an-

337 927 471 963 teriora
506 926 640 963 arteriae
658 923 878 974 pulmonalis
896 922 1030 960 dextrae
1049 950 1059 966 ‚
1094 929 1190 960 retro
1223 928 1392 964 aortam,
1425 920 1623 963 mollescit,
1664 917 1943 965 duobusvessaut

337 985 502 1035 pluribus
527 985 676 1022 surculis
702 995 766 1022 cor
797 995 881 1021 cum
906 983 1040 1020 arteriae
1056 983 1255 1019 coronariae
1276 981 1406 1019 dextro
1431 988 1563 1019 trunco
1583 978 1700 1028 ersve
1720 979 1827 1016 ramis
1843 976 1941 1019 adit,

337 1057 432 1094 quos
461 1044 644 1093 sequitur,
677 1043 849 1092 idemque
870 1041 1036 1079 auriculae
1065 1040 1200 1079 dextrae
1227 1043 1451 1091 propagines
1469 1052 1616 1078 nerveas
1639 1039 1808 1088 impertit.
1844 1035 1943 1075 Cum

336 1104 392 1142 his
422 1104 592 1142 cardiacis
622 1102 758 1140 dextris
786 1103 891 1139 ramis
914 1101 1024 1150 aliqui
1055 1113 1074 1138 a
1101 1099 1243 1138 finistris
1274 1100 1505 1138 advenientes
1531 1098 1746 1149 miscentur,
1786 1097 1822 1135 δι
1843 1093 1946 1133 vicis,

336 1163 400 1203 fim
415 1164 526 1213 aIIqui
539 1163 752 1201 dextrorum
765 1162 809 1200 ad
827 1156 984 1198 finistros
997 1160 1118 1198 cordis
1136 1172 1267 1198 nervos
1279 1160 1311 1198 se
1321 1160 1437 1198 socios
1453 1159 1602 1202 addunt,
1624 1159 1718 1196 varie
1737 1158 1774 1194 in
1790 1153 1948 1194 boucha

338 1236 424 1262 cum
439 1225 480 1260 iis
493 1223 653 1273 implexi,
679 1224 742 1271 qui
761 1222 810 1259 est
828 1222 1017 1271 primarius
1039 1220 1287 1257 cardiacorum
1305 1231 1492 1269 ramorum
1506 1219 1646 1268 plexus.
1666 1217 1810 1256 Horum
1828 1225 1947 1264 porro

338 1283 554 1332 dextrorum
573 1293 771 1320 nervorum
784 1309 793 1323 ,
817 1282 854 1318 in
872 1292 956 1317 eum
972 1279 1122 1328 plexum
1138 1279 1327 1316 mistorum
1340 1307 1349 1322 ,
1373 1279 1483 1328 aliqui
1501 1277 1728 1316 coronariam
1744 1274 1915 1312 sinistram
1928 1300 1947 1315 9.

339 1343 377 1380 &
400 1341 517 1380 finum
543 1343 620 1390 ejus
646 1341 762 1378 lateris
786 1340 939 1382 adeunt,
977 1339 1071 1375 misti
1090 1350 1174 1376 cum
1193 1348 1399 1376 recurrente
1418 1349 1543 1380 ramo,
1576 1334 1765 1385 nervisque
1782 1332 1943 1370 finistris..

338 1401 408 1440 Alii
437 1411 535 1440 retro
560 1402 723 1439 arteriam
750 1399 982 1449 profundiori
1008 1398 1094 1435 loco
1110 1398 1153 1435 ad
1171 1397 1349 1435 sinistrum
1381 1397 1518 1440 finum,
1567 1394 1613 1433 ad
1637 1405 1737 1432 venae
1768 1404 1860 1431 cavae
1888 1390 1952 1429 usa

338 1474 410 1512 que
436 1462 570 1500 ostIum
585 1489 594 1503 ,
619 1460 821 1508 faciemque
844 1458 987 1508 planam
1004 1457 1124 1494 cordis
1147 1459 1306 1495 veniunt.

398 1520 514 1559 Porro
540 1520 718 1569 gangliou
748 1518 921 1557 cervicale
951 1518 1115 1554 medium
1140 1517 1233 1555 duos
1253 1517 1384 1554 emittit
1412 1527 1532 1553 ramos
1553 1543 1562 1558 ,
1587 1516 1650 1564 qui
1674 1511 1943 1552 intercostalem

338 1588 511 1620 truncum
538 1581 764 1618 continuant.
800 1577 938 1616 Eorum
963 1578 1122 1614 anterior
1145 1577 1229 1629 (p)
1258 1576 1345 1614 alter
1369 1577 1564 1625 minorque
1582 1603 1592 1618 ‚
1621 1582 1703 1612 ante
1726 1572 1946 1612 subclaviam

338 1643 502 1678 arteriam
532 1641 676 1690 pergit,
709 1639 826 1688 adque
846 1639 945 1676 initia
966 1636 1143 1675 nascentis
1169 1637 1385 1674 mammariae
1411 1636 1544 1674 arteriae
1564 1635 1601 1671 in
1622 1633 1810 1671 thoracem
1833 1632 1947 1669 venite

340 1698 546 1749 Profundus
575 1699 661 1737 alter
690 1699 772 1747 (q)
800 1698 972 1747 idemque
1007 1697 1147 1743 major,
1179 1705 1276 1734 retro
1307 1697 1471 1733 arteriam
1495 1693 1711 1732 subclaviam
1732 1690 1942 1733 descendit,

339 1771 418 1798 non
448 1758 616 1797 rarislime
642 1758 812 1808 peculiari
842 1757 993 1806 ganglio
1023 1756 1179 1799 donatus
1197 1784 1206 1799 ,
1243 1757 1279 1793 &
1307 1763 1474 1805 praeterea
1503 1754 1645 1792 celebre
1668 1750 1841 1799 ganglion
1870 1760 1949 1787 cer-2

338 1817 451 1856 vicale
473 1817 631 1865 infimum
660 1816 738 1865 (r)
766 1817 980 1858 constituit,
1011 1816 1113 1864 quod
1145 1817 1237 1852 inter
1263 1815 1421 1862 longum
1450 1814 1537 1851 colli
1565 1811 1788 1852 musculum,
1819 1808 1946 1845 arteri-

339 1890 398 1916 am
429 1876 668 1914 vertebralem
704 1875 923 1913 adsidentem
942 1903 951 1917 ,
985 1872 1191 1922 processum
1214 1872 1446 1910 transversum
1469 1873 1593 1921 primae
1624 1867 1719 1907 dorfi
1744 1867 1939 1910 vertebrae,

341 1937 550 1986 costamque
571 1938 724 1986 primam
739 1964 748 1977 ‚
777 1935 878 1984 supra
901 1934 1052 1970 limitem
1069 1932 1275 1982 supremum
1298 1931 1431 1981 pleurae
1457 1931 1629 1980 ponitur,
1665 1929 1801 1971 latum,
1831 1927 1943 1964 breve

342 1998 378 2035 &
392 1996 626 2035 multiforme.
660 1994 702 2032 In
714 1994 750 2032 id
762 1994 937 2043 ganglion
952 2006 969 2030 a
987 1992 1086 2029 sexto
1098 2020 1107 2034 ,
1131 1990 1284 2041 septimo
1303 1991 1373 2039 (s)
1387 1990 1589 2040 octavoque
1601 1990 1617 2036 (
1629 1987 1671 2035 t)
1687 1986 1916 2025 cervicalium
1927 2013 1943 2028 ς,

342 2058 378 2095 &
404 2058 526 2107 primo
547 2057 564 2103 <
578 2056 635 2104 ιι)
660 2054 853 2093 dorsalium
869 2082 879 2097 ‚
910 2054 946 2091 ἃ
976 2050 1160 2096 secundo,
1191 2051 1326 2090 radices
1347 2049 1480 2096 firmae,
1516 2050 1552 2089 &
1575 2047 1731 2099 insignes
1752 2044 1943 2086 accedunt,

1884 2102 1947 2153 Ab,

380 2169 617 2207 (l)1bid.†.

381 2213 456 2248 (p)
480 2212 551 2241 Τὼ.
580 2213 682 2241 ANP.
708 2221 754 2249 9¹·
783 2220 831 2249 92·

381 2252 624 2291 (q)lbid.95.

381 2296 424 2329 (r
446 2295 458 2337 )
484 2291 497 2320 Ι
521 2293 558 2321 id.
585 2299 632 2329 78·
657 2292 914 2325 VIEUSSENS
938 2291 1000 2325 1..»
1026 2301 1072 2334 32.
1104 2300 1150 2333 37.

384 2334 431 2367 (r
457 2338 465 2366 )
490 2334 561 2363 Tar».
590 2334 681 2363 Azan.
717 2344 743 2363 n.
765 2339 814 2370 80.

383 2375 528 2411 (t)7⁹·
554 2379 587 2408 8¹
618 2379 655 2409 82
691 2379 725 2413 83

384 2415 535 2453 (n)84.
565 2422 611 2453 55·
