2003 2748
477 176 803 222 erotus.
868 155 1283 221 ARTE‘RIAE.
1607 178 1690 225 ”109

106 279 223 322 nasci,
256 276 336 317 sunt
354 278 417 328 qui
439 277 636 328 scripserint
663 277 716 319 (a
734 279 760 325 ).
804 276 906 314 Vena
930 283 1117 325 portarum
1148 276 1351 326 plurimum
1381 273 1425 313 de
1453 274 1617 314 arteriosa
1631 288 1693 314 na-

105 346 186 378 tura
204 339 311 376 habet
328 366 337 380 ,
369 338 454 375 hinc
473 350 535 387 per
556 349 653 379 eam,
692 349 810 386 neque
824 348 984 384 unquam
1013 347 1077 384 per
1101 347 1223 372 cavam
1238 363 1246 377 ,
1285 334 1361 372 vasa
1388 334 1605 384 lymphatica
1630 335 1694 373 he-

107 400 199 448 patis
231 397 412 447 replentur
441 398 478 434 in
507 395 642 440 [οφ]
659 407 741 432 ETI
773 393 862 445 (h)
889 422 898 437 ,
944 394 1170 444 aliorumque
1197 393 1392 432 Clarorum
1418 395 1580 432 virorum
1605 393 1690 443 (c)

105 457 284 506 periculis.

168 516 332 554 Demum
357 527 440 553 cum
465 515 671 552 communis
697 509 752 551 via
780 512 821 551 fit
845 513 941 563 chyli
962 514 997 551 &
1023 513 1198 563 lymphae,
1237 514 1272 549 &
1295 525 1379 551 cum
1398 513 1473 550 vasa
1487 513 1592 551 lanea
1611 525 1690 551 om-

108 578 197 613 nino
212 574 395 624 lympham
409 572 559 616 vehant,
592 585 637 610 eo
666 580 747 610 toto
772 579 956 622 tempore,
991 584 1065 621 quo
1088 585 1106 609 a
1123 572 1230 621 chylo
1248 571 1466 610 resorbendo
1488 573 1657 611 feriantur
1676 602 1686 617 ‚

107 635 180 671 huc
202 635 364 671 omnino
396 634 577 681 pertinent
614 645 653 669 ea
683 634 927 681 experimenta
949 660 958 674 ,
1003 644 1066 680 per
1102 643 1179 681 quae
1205 631 1285 674 lac,
1324 639 1514 681 argentum
1543 634 1686 675 vivum,

107 693 304 741 oleumque
335 691 584 729 terebinthinae
609 703 655 729 ex
687 693 820 729 arteriis
849 691 1050 728 mesenterii
1071 692 1108 727 in
1136 690 1242 728 lactea
1267 690 1344 728 vasa
1363 691 1420 738 (d
1433 692 1449 737 )
1470 690 1622 735 transsit,
1653 692 1690 728 &

106 763 186 801 quae
211 751 364 800 plurima
382 750 471 788 olim
499 752 537 787 in
561 750 714 799 Anglia,
748 763 863 800 nuper
887 752 924 787 in
953 750 1144 788 Germania
1167 751 1203 787 &
1223 742 1339 787 Cama
1363 749 1448 787 faeta
1469 750 1558 788 sunt.

166 810 346 848 Mihihaec
367 811 622 859 experimenta,
645 810 732 859 saepe
747 810 791 847 de
811 809 980 847 industria
992 811 1166 858 repetenti
1179 837 1188 852 ,
1210 810 1244 846 &
1259 810 1340 846 alias
1356 822 1401 846 ne
1421 811 1594 858 quaerenti
1610 811 1689 859 qui-

107 870 190 908 dem
204 898 214 912 ,
237 869 363 919 sponte
388 869 420 906 se
434 869 645 907 obtulerunt
665 897 674 912 ,
709 871 746 906 in
769 869 897 918 hepate
923 868 1167 918 potiffimum,
1204 868 1264 905 sed
1283 869 1389 905 etiam
1410 868 1682 906 inmesenterio.

106 929 260 979 Neque,
291 931 329 966 in
343 930 432 966 meis
448 936 546 967 certe
571 930 847 978 experimentis,
873 928 944 965 dici
969 927 1097 977 possit,
1137 929 1175 964 in
1202 927 1384 964 cellulosas
1402 929 1499 976 prius'
1521 940 1688 965 cavernas

106 989 277 1035 injestum
300 988 481 1037 liquorem
516 986 602 1036 (f)
620 1016 629 1031 ,
678 995 766 1026 tunc
797 1000 884 1025 vero
918 987 1066 1024 demum
1100 988 1137 1023 in
1169 986 1386 1036 lymphatica
1411 986 1485 1024 vasa
1510 986 1684 1025 transiisse.

105 1046 203 1085 Nam
226 1047 348 1084 oleum
368 1047 617 1084 terebinthinae
647 1049 801 1083 omnino
827 1047 900 1084 vidi
930 1047 1041 1084 rubro
1068 1045 1132 1083 suo
1162 1046 1287 1082 colore
1316 1046 1525 1083 conservato
1555 1048 1591 1083 in
1612 1046 1688 1084 vasa

105 1106 323 1155 lymphatica
343 1104 475 1143 venisse
490 1134 499 1148 ‚
534 1117 619 1143 cum
644 1105 735 1142 nihil
757 1105 957 1155 quidquam
978 1105 1128 1142 colorati
1149 1106 1185 1141 in
1208 1105 1277 1142 ulla
1305 1104 1535 1142 cellulositate
1556 1108 1689 1154 reperi-

105 1172 213 1203 retur.
249 1165 379 1213 Neque
403 1163 588 1213 possumus
613 1167 767 1202 omnino
795 1176 878 1202 cum
898 1164 951 1202 Cl.
982 1165 1065 1200 viris
1094 1163 1246 1206 sentire,
1291 1165 1354 1212 qui
1382 1176 1445 1214 per
1469 1165 1527 1202 sua
1549 1166 1690 1214 experi-

105 1230 251 1266 menta,
290 1230 469 1271 negarunt
491 1222 566 1260 vasa
590 1222 806 1272 lymphatica
832 1235 897 1271 per
924 1224 1064 1260 arterias
1089 1222 1217 1271 repleri
1245 1221 1344 1271 posse
1371 1223 1391 1271 (
1403 1235 1433 1270 g
1453 1224 1472 1271 >
1490 1252 1499 1266 ,
1533 1231 1593 1261 aut
1619 1236 1658 1261 ea
1674 1252 1684 1266 ,

103 1294 185 1332 quae
210 1284 247 1319 in
270 1281 446 1332 pulmone
467 1281 609 1320 &liene
632 1293 696 1331 per
717 1294 756 1319 ea
776 1281 852 1320 vasa
867 1282 1000 1332 repleta
1023 1280 1215 1331 conspicua
1234 1281 1344 1324 fiunt,
1368 1294 1450 1319 vera
1472 1282 1688 1331 lymphatica

106 1340 172 1379 effe
192 1339 212 1389 (
228 1341 251 1378 h
267 1341 296 1390 ).

164 1400 254 1438 Non
279 1413 367 1450 ergo
386 1403 520 1439 mirum
538 1401 586 1438 est
601 1429 610 1444 ‚
645 1400 733 1449 saepe
759 1401 887 1439 rubere
910 1399 1096 1450 lympham
1111 1428 1119 1442 ‚
1155 1408 1262 1450 atque
1288 1400 1422 1450 aliquid
1444 1400 1488 1437 de
1515 1401 1687 1449 sanguine

101 1462 142 1497 in
169 1459 245 1497 vasa
270 1460 510 1509 lymphatica,
550 1461 586 1497 &
610 1461 649 1497 in
677 1460 824 1497 datium
847 1461 1073 1498 thoracicum
1098 1459 1241 1496 transire
1257 1488 1265 1502 ‚
1307 1462 1360 1498 uti
1382 1460 1529 1509 quidem
1554 1461 1689 1509 perfre-

101 1525 256 1568 quenter
283 1519 368 1557 vidi.
396 1520 473 1557 Sed
499 1521 605 1556 etiam
638 1518 811 1555 Antonius
834 1519 941 1555 Nuc
958 1531 982 1555 K
1011 1518 1099 1567 saepe
1131 1526 1315 1555 cruentam
1342 1518 1528 1568 lympham
1556 1520 1689 1568 reperit

102 1579 124 1624 <
138 1579 151 1614 z'
167 1583 183 1624 )
200 1606 209 1619 ,
243 1578 431 1627 rufamque
454 1580 491 1615 in
506 1577 593 1615 vafis
608 1577 836 1626 lymphaticis
860 1577 1054 1615 homiuum
1077 1577 1379 1625 strangulatorum
1406 1577 1494 1627 saepe
1520 1578 1689 1626 adparere

101 1637 228 1674 euelor
258 1637 306 1673 est
340 1636 542 1673 GuI'llelmus
580 1636 610 1673 L
624 1649 644 1672 A
658 1648 683 1672 N
697 1649 721 1673 G
736 1649 756 1672 L
770 1649 825 1673 EY
854 1637 870 1683 <
888 1638 910 1673 Ι
930 1636 955 1681 ).
992 1636 1235 1684 Sanguineam
1256 1636 1440 1686 lympham
1466 1638 1504 1673 in
1520 1636 1606 1674 vafis
1630 1636 1691 1674 afi-

101 1707 159 1732 nae
177 1693 275 1732 fuisse
294 1695 380 1744 lego
407 1696 502 1745 apud
530 1694 751 1733 Emannelem
780 1694 920 1733 Kome
937 1707 988 1731 [G
1017 1667 1108 1745 (lo).
1153 1695 1315 1733 Rubram
1341 1696 1507 1733 viderunt
1535 1695 1690 1745 infignes

95 1753 313 1805 ξετίρῖοτεε,
339 1756 377 1792 in
396 1755 545 1797 homine
568 1753 597 1803 J.
619 1753 787 1793 Nicolaus
807 1754 864 1792 PE
873 1766 969 1792 cnr.
985 1766 997 1791 1
1012 1766 1037 1791 N
1061 1754 1187 1801 (m),
1218 1756 1261 1793 in
1282 1757 1368 1794 ca'ne
1387 1737 1513 1793 Perit
1528 1767 1614 1793 Rus
1637 1766 1693 1803 Ju-

1065 1811 1101 1852 O
1169 1824 1186 1858 3
1611 1817 1694 1853 nior

128 1920 209 1958 5(a)
230 1922 308 1954 Ibid.
327 1932 345 1959 p
369 1930 437 1960 204.

134 1961 212 1997 (h)
235 1966 279 1992 De
304 1970 389 1994 certer
417 1965 534 2002 lepatic.
556 1974 582 1994 η.
605 1973 633 1998 7.

140 2001 210 2037 (c)
235 2003 455 2034 XVrusrow
482 2006 748 2034 Cassianum
775 2004 803 2033 in
831 2003 874 2033 M.
897 2003 924 2033 S.
954 2003 1038 2033 codic
1059 2013 1130 2041 quos
1149 2002 1284 2040 possideo.

142 2040 213 2076 (d)
235 2041 414 2073 Cowma
441 2045 476 2074 ad
504 2045 761 2074 anonanat
781 2044 815 2073 Τ.
847 2052 892 2079 39.
917 2042 938 2074 f.
964 2054 989 2075 1.
1015 2045 1158 2074 Edward.
1188 2044 1344 2072 TYsoN
1370 2042 1694 2081 anar.of'ap1gnwp

97 2083 524 2119 43.W1thTuxsrnv
552 2083 586 2116 of
605 2082 761 2121 thespleen
787 2093 814 2121 p.
847 2089 891 2118 ¹8.
920 2083 949 2113 P.
975 2094 1002 2112 v.
1030 2084 1222 2114 Commo
1250 2082 1403 2120 defalric.
1436 2085 1563 2122 glnnlul.
1590 2095 1617 2121 p.
1648 2094 1693 2121 32.

100 2123 202 2152 Petrus
223 2123 368 2154 Tum
394 2125 423 2154 in
447 2125 555 2163 ep'stola
579 2125 676 2155 recusa
703 2125 737 2154 in
762 2124 858 2154 Tomo
886 2124 1068 2154 collectionis
1101 2125 1201 2156 nostrae
1232 2123 1640 2155 vl1.111.Mr1<Emus
1666 2127 1695 2154 in

107 2172 147 2201 ep
151 2163 237 2193 istolis
259 2164 295 2194 ad
313 2175 359 2195 me
383 2165 464 2196 datis.

96 2244 117 2273 ff
129 2172 205 2242 p(f)
230 2205 413 2236 Momoo
441 2204 596 2246 defimizze
622 2205 764 2245 &nstin
789 2204 826 2236 T.
853 2204 873 2235 l.
903 2204 923 2235 f.
945 2214 973 2244 4.
1005 2215 1030 2242 ς.
1054 2209 1083 2237 6.
1107 2205 1143 2236 T.
1164 2205 1203 2236 Π.
1228 2205 1248 2237 f.
1274 2215 1318 2237 ιο.
1345 2205 1455 2238 T.111.
1484 2206 1502 2236 f.
1537 2217 1561 2245 ς.
1583 2206 1618 2237 Τ.
1645 2205 1696 2237 IV.

142 2285 185 2323 (g
202 2286 284 2321 )V1
301 2296 375 2317 sus
390 2297 464 2318 sax
480 2298 491 2317 s
521 2287 624 2319 Traite'
642 2289 687 2320 des
705 2289 838 2326 liqueurs.
859 2297 885 2323 p.
909 2296 978 2327 252.

141 2326 211 2363 (h)
237 2329 426 2364 Hieronymus
448 2329 555 2360 SBAR
570 2339 621 2359 AG
635 2340 651 2358 r„
666 2340 677 2359 ι
702 2329 732 2359 in
746 2327 837 2367 fiepst
855 2329 890 2359 ll.
908 2339 938 2368 p.
968 2337 1040 2369 445.

141 2372 156 2402 ς
172 2369 214 2401 i)
239 2370 430 2435 Adenogmph.
459 2379 486 2409 p.
519 2378 564 2408 54.

142 2406 355 2529 {lgssegmg
344 2451 462 2480 animal
488 2461 514 2490 p
546 2461 614 2491 ποῖ.

169 2489 470 2530 mordeam
