2003 2748
454 168 1238 210 SECZLARTERIAE.
1580 178 1633 217 67

50 282 158 311 cavus
178 269 248 311 est,
283 267 353 306 five
382 268 426 306 ad
451 279 592 305 ramum
616 266 808 315 respexeris
827 295 836 309 ,
872 265 942 303 five
973 266 1017 302 ad
1045 267 1163 303 trunci
1192 264 1349 303 arteriofi
1377 264 1629 315 progressum:

53 330 223 378 idemque
250 328 322 365 leni
339 357 348 372 ‚
381 329 417 364 &
441 328 619 364 continuo
639 326 746 363 ductu
763 355 772 368 ,
806 324 901 374 quasi
925 336 989 373 per
1013 325 1120 362 incile
1135 354 1144 368 ,
1174 324 1384 373 sanguinem
1403 338 1421 362 a
1438 325 1548 362 corde
1574 338 1635 363 ve-

53 390 214 426 nientem
240 389 275 424 in
301 388 390 424 rami
410 385 576 423 tubulum
598 384 698 421 ducit
719 382 806 433 (h).
842 384 940 421 Alter
960 396 1047 421 vero
1069 384 1330 426 semicirculus,
1352 384 1521 428 ulterior,
1543 397 1634 434 aque

54 448 164 486 corde
197 448 393 488 remotior,
423 446 587 486 eminet,
619 456 638 480 a
664 443 893 481 circularibus
919 443 1016 480 fibris
1043 444 1222 492 congestis
1245 444 1354 481 fartus
1383 443 1460 491 (i).
1510 443 1565 481 Ab
1589 456 1633 481 eo

53 507 199 546 firmitas
226 505 281 542 illa
310 506 345 541 &
371 503 534 541 craffities
554 503 670 550 major
697 503 734 538 in
762 503 1018 540 divaricatione
1044 505 1250 540 arteriarum
1276 504 1414 545 oritur,
1444 515 1553 551 quam
1579 503 1632 541 Cl.

54 565 135 602 Viri
169 564 213 602 ad
249 563 447 600 firmiorem
476 564 606 600 tunicae
631 561 808 599 tendineae
829 590 838 604 ‚
875 574 959 599 cum
986 574 1111 598 carnea
1141 573 1277 599 nexum
1306 560 1505 599 retulerunt
1538 563 1630 611 (k).

54 624 137 672 Ejus
164 622 304 660 dimidii
335 622 432 660 anuli
457 622 600 659 efredus
629 621 695 664 est,
727 620 889 658 inhibere
910 621 1119 668 sanguinem
1136 648 1144 663 ,
1180 623 1216 657 in
1236 622 1324 658 rami
1345 621 1564 670 principium
1582 633 1638 658 re-

53 690 222 732 ceptum,
255 694 301 719 ne
319 681 420 719 facile
445 683 482 718 in
507 687 677 718 truncum
701 680 833 718 redeat.
877 679 1022 718 Deinde
1045 680 1149 723 facit,
1185 688 1224 718 ut
1248 682 1286 717 in
1307 692 1426 717 ramos
1448 692 1525 717 non
1549 680 1637 718 alius

53 742 194 791 sanguis
215 748 400 791 penetrare
424 740 549 790 possit,
585 739 649 776 nifi
673 741 735 789 qui
753 741 902 788 integris
920 740 1054 778 viribus
1074 753 1091 777 a
1111 740 1222 776 corde
1240 740 1404 782 advenit,
1426 740 1638 789 neutiquam

55 814 142 840 vero
171 799 251 843 ille,
288 802 350 850 qui
376 813 394 838 a
413 809 512 849 parte
536 800 669 838 arteriae
692 801 902 842 remotiori,
933 799 1112 838 contradat
1136 811 1175 836 ea
1200 800 1344 842 arteria,
1380 798 1547 836 debiliori
1571 798 1639 836 flu-

53 863 153 900 mine
178 860 345 898 advenire
371 859 493 909 posset.
520 885 531 895 .

113 919 206 958 Eum
229 919 493 957 semicirculum
516 932 560 957 eo
581 921 695 968 magis
716 919 874 956 eminere
898 919 1030 968 reperit
1054 916 1106 956 Ill.
1132 918 1154 955 S
1168 929 1225 955 EN
1239 930 1294 956 Ac
1310 930 1331 955 υ
1346 931 1360 955 s
1388 918 1407 965 <
1419 917 1480 964 I),
1510 918 1547 956 &
1565 929 1639 955 ma-

55 982 173 1029 jorem
200 991 271 1017 una
295 978 361 1016 effe
384 980 420 1016 &
441 979 626 1022 altiorem,
658 991 733 1028 quo
756 977 909 1027 angulus
933 979 1072 1016 acutior
1092 978 1162 1021 est,
1196 977 1259 1015 sub
1279 990 1353 1028 quo
1378 989 1497 1014 ramus
1522 989 1540 1014 a
1560 989 1641 1014 cor-

55 1040 102 1077 de
119 1040 242 1077 oritur.
292 1037 335 1075 In
363 1045 470 1075 aortae
488 1039 628 1086 magnis
658 1039 787 1080 ramis,
820 1039 874 1075 uti
898 1049 1040 1086 aequum
1068 1037 1117 1074 est
1142 1037 1279 1075 creditu
1295 1066 1304 1080 ‚
1335 1038 1484 1073 maximi
1502 1035 1582 1074 sunt
1603 1036 1641 1072 hi

54 1098 178 1141 anuli,
206 1098 242 1135 &
270 1097 410 1135 dudum
437 1096 614 1135 Lowssa
632 1109 645 1133 1
673 1096 762 1143 (m)
787 1095 1042 1133 considerantis
1069 1096 1184 1133 oculis
1203 1096 1236 1133 se
1264 1096 1482 1133 obtulerunt.
1518 1094 1642 1132 Alium

55 1156 236 1206 descripsit
266 1158 304 1193 in
330 1155 469 1193 orificio
496 1158 634 1193 aortico
655 1156 781 1193 ductus
804 1155 960 1193 arteriofi
983 1155 1026 1201 J.
1048 1153 1206 1202 Baptista
1232 1154 1263 1192 C
1276 1168 1294 1191 A
1308 1168 1331 1192 R
1345 1167 1437 1192 CAN
1451 1166 1472 1191 υ
1487 1167 1501 1191 s
1527 1154 1611 1202 (n)
1629 1182 1638 1197 ,

55 1217 94 1254 &
114 1228 229 1265 nuper
256 1215 308 1253 Cl.
334 1214 438 1252 AGR
452 1227 465 1251 1
479 1226 533 1252 co
547 1226 604 1251 LA
630 1215 715 1261 (ο).
767 1213 850 1262 Ejus
869 1214 1038 1263 equidem
1065 1214 1254 1262 vestIgium
1278 1214 1356 1250 satis
1374 1213 1519 1262 adparet
1542 1213 1639 1260 (p),

54 1282 225 1313 caeterum
249 1269 369 1324 neque
403 1274 507 1316 huic,
534 1285 654 1323 neque
678 1274 859 1323 prioribus
897 1285 999 1311 arcus
1020 1280 1127 1310 aortae
1149 1272 1342 1310 calcaribus
1367 1272 1565 1321 quidquam
1581 1273 1643 1308 tri·-

56 1336 120 1375 bui
138 1334 254 1384 potest
278 1334 368 1372 ultra
396 1346 433 1371 ea
451 1362 459 1376 ,
492 1345 571 1383 quae
593 1335 772 1371 continuo
802 1333 846 1370 de
869 1332 1094 1370 semicirculo
1118 1332 1161 1369 ad
1188 1333 1367 1380 originem
1386 1343 1570 1369 ramorum
1591 1343 1644 1367 ar-

57 1394 272 1432 teriosorum
300 1394 482 1430 eminente
514 1393 681 1430 diximus.
741 1391 910 1430 Valvulas
944 1393 1077 1429 arteriae
1110 1393 1307 1429 coronariae
1340 1390 1526 1428 nonnullis
1560 1389 1643 1437 (q)

53 1453 289 1502 scriptoribus
315 1452 421 1490 distas
438 1481 447 1495 ,
479 1452 524 1489 ad
542 1464 648 1500 rugas
675 1452 712 1489 &
730 1450 842 1501 plicas
865 1451 1083 1490 membranae
1107 1452 1243 1490 intimae
1262 1450 1389 1494 retulit
1408 1450 1498 1487 olim
1523 1449 1567 1488 M
1580 1461 1599 1485 E
1613 1460 1644 1484 1-

56 1524 246 1553 aomos
268 1511 381 1559 (r),
411 1512 447 1551 &
469 1523 540 1559 ego
565 1511 692 1549 refero,

525 1623 561 1663 ἓ.
593 1617 679 1657 XI.
741 1617 924 1657 Arteriolae
953 1619 1181 1655 arteriarum.

116 1738 300 1777 'Haerenus
320 1736 522 1779 craffiores,
557 1737 594 1774 &
622 1739 820 1784 organicam,
856 1743 973 1786 partes
1003 1739 1210 1775 arteriarum
1236 1735 1472 1785 contemplati
1497 1735 1649 1779 sumus‚'

55 1810 206 1848 ,aequum
230 1798 279 1835 est
302 1808 401 1834 nunc
429 1797 613 1834 tenuiores
640 1796 770 1834 addere
798 1798 835 1834 &
863 1798 977 1844 magis
993 1795 1176 1844 stnzilares.
1222 1794 1320 1844 Ergo
1344 1796 1478 1832 arteriis
1502 1794 1568 1833 suae
1594 1808 1646 1832 ar-

59 1857 197 1905 teriolae
223 1856 324 1902 sunt,
353 1855 421 1896 suae
449 1855 607 1899 venulae,
635 1855 688 1895 sui
711 1855 860 1895 nervuli.
912 1854 1140 1893 Recentioris
1160 1855 1232 1893 hoc
1255 1854 1434 1893 industriae
1456 1856 1646 1893 inventum

1073 1915 1089 1953 Ι
1141 1925 1163 1952 2
1570 1913 1642 1950 est:

103 2065 170 2104 (h)
192 2067 336 2097 Lown
358 2067 485 2095 decorae
502 2076 531 2104 p.
552 2075 599 2104 37-
623 2066 644 2096 B
660 2076 812 2097 Assone
830 2067 849 2097 l.
865 2076 888 2098 c.
913 2067 948 2098 T.
963 2065 985 2097 1.
1009 2066 1029 2097 f.
1045 2075 1071 2098 2.
1090 2076 1120 2095 n.
1145 2063 1323 2095 Tom.11.f.
1339 2066 1367 2094 6·
1389 2062 1449 2094 &L
1465 2064 1497 2094 F„
1514 2064 1643 2101 &p.26.

106 2107 168 2144 (i)
189 2107 382 2137 BAssou
404 2107 421 2136 l.
439 2118 462 2137 c.
487 2107 521 2137 T.
541 2107 561 2137 Ι.
587 2108 613 2136 d.
638 2107 721 2138 Tom.
740 2108 778 2138 ll.
799 2108 818 2138 f.
839 2117 862 2137 ι.
884 2107 916 2138 F.

108 2148 173 2184 (k)
199 2151 226 2178 C.
247 2150 278 2178 G.
304 2148 476 2178 Lunwic
500 2148 516 2177 l.
538 2158 561 2178 c.
584 2158 612 2177 n.
631 2157 677 2177 22.

105 2189 167 2224 (l)
188 2188 208 2218 l.
225 2199 249 2219 c.
279 2199 306 2218 n.
331 2198 397 2226 24²·

84 2229 179 2271 κ(1η)
203 2233 248 2260 De
263 2230 341 2258 corde
363 2230 398 2259 T>
423 2228 460 2259 II.
482 2229 502 2259 f.
529 2240 553 2266 5.
576 2229 757 2259 Bassum
779 2230 798 2259 l.
819 2240 845 2261 c.
871 2229 889 2259 f.
911 2239 935 2268 3.

106 2270 173 2307 (n)
196 2271 352 2300 Anatomes
374 2270 435 2300 Lib.
460 2270 482 2300 I.

107 2310 169 2348 (ο)
192 2314 342 2341 Commi-re.
366 2312 434 2340 Lite.
460 2312 555 2341 Noric.
580 2317 666 2349 17³5.
689 2311 769 2341 hebri.
787 2321 814 2347 4.
838 2311 874 2341 T.
894 2310 915 2341 Ι.
940 2310 960 2340 f.
980 2320 1004 2349 3.
1024 2319 1054 2349 4.
1077 2320 1105 2349 p.
1130 2310 1177 2340 26.

108 2352 169 2388 (p)
191 2350 292 2390 Fufiis
313 2353 367 2382 IV.
385 2353 460 2381 ἰ’ωη.
480 2359 602 2381 anatem.
621 2353 653 2380 ic.
678 2354 752 2381 valv.
779 2352 903 2391 Ezficu‘h.
925 2359 984 2382 not.
1006 2361 1050 2381 12.

109 2392 170 2430 (q)
195 2392 276 2422 LAN
291 2402 401 2422 ειειο
425 2402 452 2430 p.
468 2397 525 2427 62,
546 2397 592 2430 63.
619 2393 677 2423 edit
715 2393 767 2423 fol.
802 2393 928 2423 Omnino
944 2403 995 2431 pro
1019 2393 1091 2423 veris
1115 2390 1236 2424 valvulis
1258 2390 1384 2429 habuit,
1418 2400 1479 2428 quae
1502 2390 1646 2428 [mg-cinis

67 2432 218 2462 circuitum
243 2434 459 2469 determinent,
485 2433 610 2463 GLAss
636 2435 669 2464 dc
688 2435 821 2466 circulat.
846 2434 872 2465 P.
892 2433 996 2466 XLln.

109 2474 170 2512 (r)
191 2476 237 2504 De
255 2480 336 2505 motu
344 2472 482 2514 sanguin.
506 2483 535 2505 n.
555 2483 604 2504 22.
