2003 2748
573 142 904 188 SECTII.
969 144 1223 186 VENAE.
1603 153 1679 190 125

87 255 129 287 ut
155 248 263 286 etiam
286 246 421 296 pulset,
459 246 496 283 δε
516 245 708 294 conspicua
720 243 967 282 contractione
980 243 1195 292 sanguinem
1210 242 1248 278 in
1264 252 1387 278 aurem
1404 239 1568 278 dextram
1580 251 1682 278 com-

87 307 196 357 pellat
223 307 318 354 (y).
360 305 424 343 Uti
445 317 531 343 vero
559 304 756 342 contractio
780 315 799 340 a
828 302 974 351 reliquis
999 314 1175 340 venarum
1207 301 1344 338 truncis
1370 300 1483 338 abesse
1513 299 1678 339 videtur.

89 369 136 404 ita
160 368 265 404 etiam
287 365 391 402 fibras
406 363 629 403 contractiles
647 361 761 400 nullas
777 363 814 398 in
834 363 935 399 venis
962 361 1152 399 admittere
1177 368 1348 409 oportet,
1385 360 1504 398 donec
1524 359 1598 397 aliis
1621 370 1682 395 ex-

89 427 300 475 perimentis
330 424 602 462 constituantur.
640 421 731 459 Sunt
749 427 871 459 autem
894 423 1051 459 omnino
1077 422 1114 457 in
1136 419 1202 457 hac
1226 419 1437 458 membrana
1461 418 1558 457 fibrae
1582 417 1683 456 flexi-

90 485 140 522 les
164 486 200 522 &
224 485 361 526 rubrae,
396 495 476 531 quae
497 493 672 519 venarum
699 479 972 529 longitudinem
999 480 1197 529 sequuntur
1219 481 1276 527 (z
1292 480 1318 524 ).

150 543 191 581 In
209 541 443 580 divisionibus
469 552 643 578 venarum
664 539 849 577 tendineas
865 568 875 582 ,
916 540 986 576 five
1009 551 1054 576 ex
1084 538 1209 576 callosa
1231 538 1398 575 cellulosa
1425 538 1495 576 tela
1519 538 1623 575 fatias
1643 537 1684 574 fi-

75 604 169 640 ‘bras
184 630 193 644 ,
237 602 272 638 &
290 603 329 637 in
348 612 511 638 concavo
536 598 673 648 angulo
689 611 863 636 venarum
886 599 923 636 &
944 600 982 636 in
1003 610 1172 635 convexo
1191 596 1356 645 expressit
1377 596 1429 634 Ill.
1458 597 1480 634 S
1497 608 1516 633 E
1531 609 1556 633 N
1569 609 1591 634 A
1604 609 1624 634 c
1638 609 1656 633 υ
1670 609 1685 633 s

90 661 193 708 (α);
227 660 358 697 deinde
384 659 598 697 tendineum
626 661 663 696 in
694 658 765 707 ipsa
794 670 884 695 vena
909 657 1166 700 tuberculum,
1203 656 1267 694 sub
1291 656 1427 704 angulo
1461 668 1624 694 concavo
1648 657 1687 692 in

90 720 186 757 fibris
216 704 489 769 longitifflinem
512 718 742 768 sequentibus
766 717 924 766 positum
951 717 1003 764 (h
1022 717 1053 765 ).
1089 715 1275 764 Ejusmodi
1296 715 1541 754 duriusculum
1566 716 1687 753 tuber-

91 779 215 816 culum
239 778 254 829 (
273 792 289 816 c
308 781 327 827 )
357 781 395 816 in
412 791 512 816 venae
539 790 631 815 cavae
661 776 835 814 divisione
851 805 861 819 ,
895 776 1081 826 quo'loco
1098 778 1136 813 in
1157 776 1272 813 iliacas
1295 775 1466 817 discedit,
1509 773 1688 823 descripsit

91 838 136 876 M
150 852 173 875 o
187 851 210 875 R
223 850 248 875 G
261 850 281 874 A
296 850 321 875 G
334 850 359 874 N
372 851 394 875 u
408 851 433 875 s.
466 837 510 875 Id
536 837 767 875 tuberculum
785 837 822 873 &
848 838 886 872 in
908 848 997 873 vena
1019 835 1091 872 vidi
1106 863 1117 877 ‚
1155 836 1191 871 ὁὶ
1219 834 1372 871 similem
1386 863 1396 877 ‚
1432 833 1598 873 callosam
1622 833 1692 880 (1μέ

92 909 239 948 tamque
259 897 399 940 sedem,
438 908 558 948 neque
583 895 849 946 infrequenter,
884 896 923 932 in
944 894 1071 932 eadem
1097 902 1206 931 aortae
1227 893 1316 931 sede.

663 1009 695 1050 §-
729 1004 766 1043 V
783 1003 800 1043 I
821 1004 845 1043 I.
936 1003 1110 1052 Cellulosa.

152 1115 251 1153 Huic
276 1117 408 1152 iterum
430 1115 648 1151 membranae
664 1141 673 1156 ,
709 1112 858 1162 perinde
880 1119 921 1150 ut
940 1114 978 1149 in
1006 1113 1142 1149 arteriis
1157 1140 1166 1154 ‚
1205 1111 1373 1149 cellulosa
1402 1112 1470 1149 tela
1491 1110 1510 1159 (
1528 1111 1587 1159 d)
1623 1111 1692 1149 cir-⁸

98 1176 298 1220 cumjacet,
329 1174 387 1210 sed
413 1175 530 1211 tenuis
545 1201 555 1216 ‚
594 1184 713 1220 neque
731 1174 769 1208 in
790 1171 942 1208 similem
962 1169 1149 1208 crassitiem
1177 1171 1313 1220 stipata.
1349 1169 1447 1208 Huic
1471 1171 1690 1208 membranae

94 1245 185 1271 verae
196 1233 424 1275 incumbunt,
442 1239 482 1269 ut
491 1231 624 1281 pleura,
643 1230 899 1279 pericardium,
916 1231 1168 1279 perstonaeum,
1185 1241 1264 1278 quae
1276 1231 1417 1278 pariter,
1433 1231 1488 1266 uti
1501 1230 1545 1266 de
1556 1232 1691 1267 arteriis

96 1292 231 1330 dicium
244 1292 292 1329 est
306 1320 317 1335 ,
345 1291 610 1329 inconstantem
626 1292 843 1327 exteriorem
864 1290 1114 1327 membranam
1130 1288 1344 1338 quibusdam
1364 1300 1539 1326 venarum
1555 1291 1691 1326 truncis
1726 1287 1728 1290 ’

94 1351 343 1401 suppeditant,
389 1350 576 1388 deserturae
604 1350 682 1397 (e)
718 1351 898 1388 continuo
924 1361 1075 1391 venam,
1124 1348 1272 1398 quando
1300 1347 1505 1386 musculum
1534 1348 1608 1386 adit
1632 1357 1692 1386 aut

97 1410 220 1448 viscus.

155 1469 227 1507 Sed
244 1482 282 1507 ea
297 1469 425 1507 melius
445 1468 651 1517 siugulatim
668 1467 834 1506 dicentur
849 1496 858 1510 ‚
879 1467 1058 1506 Cellulosa
1075 1467 1144 1510 est,
1164 1479 1274 1516 quam
1291 1466 1471 1515 glandulis
1490 1465 1692 1506 vesiculofis

97 1529 265 1566 instruxit
287 1528 324 1565 V
339 1541 352 1564 1
365 1541 384 1565 E
400 1541 421 1565 u
435 1541 449 1565 s
461 1541 475 1564 s
489 1541 508 1564 E
520 1540 545 1564 N
560 1540 573 1563 1
590 1540 612 1564 u
626 1540 641 1564 s
673 1526 728 1575 (s
743 1526 769 1577 ).
806 1525 966 1565 Difficile
991 1539 1080 1564 vero
1105 1527 1153 1563 est
1173 1525 1231 1563 W
1245 1538 1257 1562 1
1276 1538 1296 1562 L
1310 1539 1330 1562 L
1346 1538 1357 1562 1
1373 1539 1387 1562 s
1402 1538 1413 1562 1
1428 1540 1450 1564 υ
1462 1539 1491 1563 Μ
1515 1527 1693 1575 intellige-

97 1600 135 1625 re
150 1616 158 1630 ,
197 1589 272 1639 qui·
287 1589 429 1626 extimae
452 1587 670 1623 membranae
691 1586 795 1623 fibras
817 1585 946 1634 longas
960 1615 969 1628 ‚
1011 1586 1149 1623 duabus
1173 1585 1300 1623 mediis
1315 1587 1445 1623 tunicis
1473 1585 1570 1628 vasa,
1611 1586 1692 1623 mis-

96 1646 220 1696 tasque
247 1645 333 1683 valis
355 1645 564 1694 glandulas,
609 1646 744 1683 intimae
765 1645 914 1694 perinde
931 1674 940 1687 ‚
987 1652 1027 1683 ut
1056 1647 1094 1682 in
1118 1645 1271 1687 arteriis,
1302 1644 1490 1683 circulares
1510 1645 1613 1683 fibras
1632 1647 1693 1682 tri-

100 1706 179 1744 buit
201 1707 301 1754 (g).
337 1703 430 1743 Eum
454 1704 507 1742 B1
524 1717 549 1742 n
566 1717 587 1740 L
602 1716 625 1741 o
640 1716 663 1740 v
677 1717 691 1741 s
722 1706 880 1742 imitatur
902 1704 1003 1752 (h).

158 1765 338 1803 Caeterum
362 1766 401 1801 in
426 1763 591 1802 cellulosa
617 1764 686 1800 tela
711 1763 833 1801 venosi
861 1765 982 1801 trunci
1010 1763 1085 1801 suas
1114 1765 1221 1800 etiam
1257 1763 1437 1800 arteriolas
1463 1763 1607 1812 suasque
1634 1765 1694 1802 ve-'

97 1824 203 1863 „nulas
224 1824 356 1863 habent
385 1823 476 1872 (i).
509 1822 554 1862 In
581 1830 712 1862 trunco
737 1835 837 1861 venae
865 1835 959 1861 cavae
995 1823 1098 1874 supra
1123 1822 1366 1872 pericardium
1394 1823 1543 1872 plurimi
1563 1823 1693 1862 surculi

1141 1881 1193 1927 Q
1248 1893 1264 1926 3
1676 1895 1696 1921 a

143 1975 212 2013 (y)
235 1977 341 2007 Second
361 1977 505 2007 Memoire
516 1973 572 2014 fiir
593 1977 629 2005 les
647 1981 723 2012 part.
753 1977 830 2005 irrit.
862 1974 935 2013 Exp.
967 1984 1039 2013 473.
1060 1981 1130 2013 475·
1152 1979 1219 2012 479.
1245 1978 1313 2009 480.
1341 1979 1411 2010 482.
1444 1976 1510 2010 526.
1538 1983 1604 2012 530.
1635 1981 1697 2013 531.
1741 1979 1758 1998 ⁸

106 2025 172 2053 53²·
201 2026 266 2053 543·
295 2022 444 2052 548-549·
472 2026 549 2053 ςς;-.
569 2027 635 2053 ςς4·

145 2056 211 2093 (z)
235 2056 274 2085 lll.
295 2057 435 2086 Seme
464 2056 485 2086 l.
515 2067 539 2086 c.
564 2067 592 2094 p.
617 2067 685 2094 254.
703 2056 737 2087 T.
758 2056 806 2086 lv.
832 2056 853 2086 f.
881 2064 905 2093 3.
934 2066 960 2085 a.
978 2056 1005 2085 b.

144 2096 212 2133 (a)
235 2096 306 2126 ibid.
335 2097 369 2126 T.
389 2095 438 2127 IV.
463 2097 483 2126 f.
511 2105 535 2133 ς.
557 2107 578 2126 e.
599 2096 624 2134 fi

145 2138 217 2174 (b)
239 2137 311 2167 Ibid.
328 2138 358 2167 B.

146 2179 187 2213 (c
204 2180 217 2215 )
240 2178 320 2216 Epss.
345 2184 426 2208 unat.
441 2177 505 2208 XV.
531 2179 566 2208 ad
587 2179 683 2209 finem.

145 2218 215 2254 (d)
239 2219 322 2248 eonf.
351 2219 391 2248 Ill.
421 2219 560 2249 SenAc
588 2230 615 2258 p.
646 2228 713 2258 254.

106 2301 125 2331 d
147 2260 219 2306 (e)¹
236 2260 389 2330 Bagra
407 2269 510 2290 οιιΝ
536 2267 613 2291 anat.
642 2267 707 2291 tert.
736 2271 831 2291 renov.
860 2271 887 2299 p.
918 2270 984 2300 593.
1010 2261 1151 2291 Vaut
1171 2260 1190 2291 l.
1218 2271 1242 2291 c.
1262 2271 1291 2300 p.
1311 2263 1382 2300 638.
1403 2260 1542 2292 Same
1569 2271 1598 2300 p.
1630 2270 1696 2300 235.

129 2311 144 2331 e
163 2310 270 2338 pencar
293 2310 328 2330 ιο.

148 2340 214 2377 (f)
241 2344 313 2372 Nou.
338 2338 428 2379 vanr.
449 2338 549 2379 Jjstem
577 2352 605 2380 p.
635 2352 701 2380 ¹¹7·

149 2382 214 2419 (g)
241 2383 436 2411 Pharmmveut.
469 2384 598 2412 rational.
625 2383 650 2413 Ρ.
676 2383 710 2413 Η.
732 2383 769 2414 Τ.
798 2382 852 2414 Vl.
877 2383 896 2413 f.
913 2393 937 2414 1.
966 2393 993 2414 2.
1012 2392 1037 2422 3.
1061 2393 1088 2420 4.
1107 2383 1192 2416 infer.

145 2423 213 2499 {lm
237 2422 269 2452 In
290 2433 393 2460 magno
409 2432 494 2460 opere
509 2423 548 2469 ξ’
579 2424 694 2454 XXIII.
719 2425 738 2454 f.
763 2435 789 2453 1.
814 2434 841 2454 2.
869 2434 896 2462 3.

177 2465 187 2491 i
203 2464 215 2501 )
239 2463 272 2494 In
296 2473 369 2494 vena
389 2471 535 2503 portarum
559 2464 700 2504 descripsit
724 2465 750 2497 K
762 2475 777 2498 Ε
788 2475 810 2497 a
821 2475 841 2497 1<
854 2476 875 2497 R
886 2476 898 2498 ι
908 2475 931 2497 N
947 2477 963 2501 c
976 2475 1020 2502 1u
1031 2476 1043 2497 s
1063 2461 1158 2507 spicil.
1172 2463 1283 2506 elgferv.
1309 2467 1357 2497 26.
