2003 2748
359 131 636 195 πεπυ.
682 152 936 194 coams
967 149 1343 191 Auriicurffi
1563 160 1640 197 323

56 252 154 296 hius,
188 265 297 302 quam
327 253 364 289 in
399 251 526 289 dextra
556 263 639 289 aure
664 249 743 288 sunt
759 277 769 292 ,
799 250 836 286 ἃ,
854 248 993 287 dudum
1018 247 1150 287 Vasa
1166 259 1187 285 L
1204 260 1252 284 iu
1269 259 1284 284 s
1311 244 1483 283 sinistram
1503 246 1645 284 auricu-

57 312 127 351 lam
150 314 336 351 duriorem
363 313 508 349 vocavit
536 313 590 358 (g
605 308 631 359 ).

115 373 158 410 In
190 372 388 421 appendice
406 400 416 414 ,
459 381 538 420 quae
566 367 792 418 peculiariter
822 367 981 405 auricula
1016 374 1166 405 vocatur
1186 394 1196 409 ,
1237 368 1343 403 etiam
1376 364 1567 403 musculofi
1595 365 1644 402 se-

55 432 233 470 micirculi
255 431 357 473 sunt‚
386 441 543 480 quorum
566 429 623 465 alii
647 428 832 476 longiores
854 429 1056 464 eminentes
1078 423 1283 464 denticulos
1307 425 1463 467 faciunt,
1500 426 1644 461 brevio-

54 503 110 528 res
137 491 195 528 alii
230 490 449 527 intermediis
482 488 584 526 sulcis
604 486 831 535 respondent.
862 485 912 524 Hi
947 486 1098 524 musculi
1122 486 1289 523 oriuntur
1315 496 1359 521 ex
1385 497 1447 522 ora
1475 484 1558 521 ostii.
1584 496 1643 520 ve-

54 550 130 588 nofi
147 550 282 591 sinistri,
303 557 380 586 tum
395 550 429 585 in
448 547 550 596 plana
566 546 685 584 cordis
709 546 818 589 facie,
842 552 921 583 tum
937 546 1095 595 superius
1115 574 1124 587 ‚
1143 544 1261 583 versus
1272 551 1421 581 aortam.
1445 541 1498 581 Ex
1512 545 1552 580 iis
1570 545 1647 580 oris>

53 610 178 647 breves
203 608 324 645 lacerti
359 610 395 644 in
430 607 623 645 auriculam
652 607 811 648 abeunt,
848 616 957 654 quarn
984 605 1233 642 describimus.
1267 603 1317 641 Hi
1343 603 1555 641 semicirculi
1581 614 1646 640 au-

51 668 198 705 riculam
230 667 371 704 arelat-it.
417 667 515 704 Alius
544 665 724 704 musculus
751 665 894 712 major,
934 676 980 702 ex
1002 664 1109 702 simili·
1133 666 1276 713 origine
1308 665 1346 700 in
1378 671 1583 701 extremum
1606 673 1641 699 a-

49 728 168 777 picem
197 727 363 765 auriculae
394 728 616 775 porrigitur,
659 737 810 774 eamque
847 724 1017 762 decurtat.

109 785 290 824 Caeterum
329 787 479 822 interior
513 798 619 823 cavea
656 783 751 822 finus
788 782 939 826 sinistri,
989 791 1064 821 tota
1096 784 1188 822 levis
1220 782 1298 825 est,
1349 788 1476 831 praetet
1513 781 1643 820 ostiola

48 845 166 894 aliqua
192 844 343 887 venosa,
380 857 458 894 quae
485 857 569 882 cum
592 845 692 881 venis
722 843 911 885 dicentur,
951 843 988 880 &
1018 843 1241 881 reticulatam
1269 841 1388 879 sedem
1405 870 1414 884 ,
1457 847 1517 878 aut
1543 848 1645 877 certe:

48 904 256 942 scrobiculis
291 905 326 941 &
357 905 599 944 eminentibus
626 902 816 941 trabeculis
845 903 1002 945 variam,
1039 914 1117 952 quae
1144 901 1247 952 super
1275 901 1466 950 vestigium
1491 899 1639 937 foramia²

47 964 102 1002 nis
136 963 247 1002 ovalis
278 964 328 1001 est
357 962 461 1016 (h).

445 1062 477 1104 ς.
511 1056 636 1098 XVII.
700 1055 844 1096 Dextra
862 1059 965 1096 auris
1002 1058 1161 1105 capacior
1187 1056 1246 1104 est}

103 1173 275 1228 Denique
300 1184 421 1216 totum
448 1178 577 1214 atrium
606 1175 804 1219 finistrum,
840 1176 911 1214 five
935 1183 1012 1214 tota
1040 1188 1165 1219 cavea,
1207 1175 1294 1212 hinc
1317 1187 1336 1213 a
1363 1174 1634 1225 pulmonalibus

43 1238 143 1274 venis
169 1239 376 1279 terminata,
399 1236 484 1273 inde
499 1237 542 1273 ab
561 1236 654 1273 ostio
676 1235 812 1273 venoso
841 1235 998 1278 sinistro,
1028 1236 1213 1284 angustior
1230 1235 1279 1272 est
1303 1234 1373 1272 five
1398 1236 1519 1272 minus
1534 1247 1634 1283 aquae

41 1296 227 1334 alteriusve
266 1296 431 1334 humoris
460 1297 579 1345 capit,
622 1307 730 1344 quam
759 1295 876 1333 dextri
907 1297 985 1332 atrii
1011 1307 1136 1338 cavea,
1176 1296 1229 1332 uti
1259 1294 1349 1331 olim
1377 1292 1633 1331 VesALqu

40 1357 188 1393 monuit
218 1357 260 1404 (i
269 1357 309 1404 )‚
354 1356 439 1393 inde
465 1356 500 1392 &
526 1355 583 1392 alii
610 1356 805 1392 anatomici
830 1354 921 1402 (k).
956 1354 1151 1392 Rationem
1181 1352 1362 1403 exquisitis
1388 1355 1548 1391 numeris
1572 1365 1633 1390 ex-

41 1416 199 1463 primere
226 1428 303 1452 non
323 1414 427 1453 facile
447 1414 517 1456 est,
549 1425 635 1451 cum
659 1415 723 1450 vix
747 1420 909 1451 accurate
930 1426 1053 1451 aurern
1073 1414 1211 1463 replere
1238 1414 1272 1450 &
1300 1413 1464 1451 humoris
1479 1441 1489 1456 ,
1521 1425 1637 1462 quem¹

41 1475 206 1510 continet
224 1502 234 1517 ,
267 1474 413 1523 pondus
438 1474 531 1510 inire*
554 1472 661 1522 poffis
677 1501 685 1515 ‚
717 1474 805 1522 quin
833 1473 968 1522 aliquid
994 1472 1039 1510 de
1060 1485 1231 1510 venarum
1252 1471 1541 1522 pulmonalium,
1572 1463 1631 1508 'ca-

40 1544 240 1582 vatumque
274 1534 394 1575 ostio,
434 1540 494 1570 aut
528 1532 572 1569 de
601 1531 736 1569 venoso
768 1532 888 1569 cordis
917 1532 1015 1569 aditu
1048 1531 1081 1569 se
1113 1531 1311 1569 inmisceat
1349 1530 1631 1580 Reperitamen

40 1592 275 1641 quadraginta
301 1593 336 1630 ἅ
364 1593 451 1630 duas
488 1591 675 1629 drachmas
696 1593 734 1628 in
759 1591 888 1628 dextro
915 1592 1030 1634 atrio,
1078 1602 1162 1628 curn
1190 1592 1227 1627 in
1261 1589 1398 1627 sinistro
1424 1603 1500 1627 non
1526 1589 1629 1639 supra

39 1653 185 1699 triginta
207 1663 292 1689 cum
310 1652 458 1689 dimidia
484 1649 613 1693 essent,
646 1651 682 1687 δε
710 1650 788 1687 satis
816 1649 968 1688 fimilem
992 1652 1171 1688 rationem
1191 1649 1380 1699 proposuit
1400 1649 1442 1696 J.
1467 1649 1628 1686 Domini-

38 1722 93 1747 cus
110 1711 339 1748 SANTORIN}
367 1710 464 1758 (l),
495 1722 602 1760 quam
627 1708 836 1747 brevissimis
852 1711 1012 1747 numeris
1046 1721 1060 1754 5
1097 1711 1133 1746 ἃ
1164 1721 1187 1754 7
1217 1721 1387 1758 exponas.
1430 1708 1626 1758 Aliquanto

36 1771 158 1807 minus
172 1770 362 1807 discrimen
374 1769 410 1807 H
423 1782 442 1807 E
455 1782 475 1807 L
490 1782 512 1807 v
529 1782 548 1806 E
564 1782 587 1805 T
604 1781 614 1804 1
629 1781 652 1806 u
665 1783 678 1806 s
696 1772 715 1815 (
726 1771 789 1815 m)
806 1770 948 1818 reperit,
970 1776 1010 1806 ut
1029 1780 1081 1814 24
1094 1768 1279 1806 drachmas
1296 1768 1465 1806 dextrum
1479 1769 1622 1810 atrium,

38 1832 74 1866 δε
115 1839 165 1866 21-
201 1828 378 1867 sinistrum
403 1836 569 1878 caperet,
603 1840 710 1877 quam
733 1829 909 1865 rationem
931 1829 1142 1877 exprimunt
1163 1829 1305 1865 numeri
1331 1839 1354 1872 7
1377 1828 1413 1864 δι
1446 1833 1479 1868 8.
1514 1826 1625 1864 Addit

37 1888 79 1925 cl.
113 1887 217 1926 Rou
231 1901 256 1925 H
272 1901 291 1926 A
306 1900 420 1932 ULT,
449 1901 526 1927 eam
551 1889 729 1925 rationem
746 1889 784 1924 in
806 1896 932 1926 tenero
953 1887 1102 1937 quidem
1122 1887 1196 1924 fetu
1219 1888 1415 1934 majorem,
1440 1888 1476 1922 in
1496 1885 1622 1922 adulto

37 1945 188 1983 homine
225 1960 311 1984 vero
345 1947 448 1984 aliam
491 1946 558 1983 effe
588 1974 602 1988 ,
657 1947 693 1982 &
730 1948 890 1984 numeris
928 1957 954 1991 4
986 1947 1022 1983 ἅν.
1061 1957 1076 1991 5
1126 1946 1279 1994 exprimi
1313 1945 1411 1991 (n).
1474 1943 1622 1981 Causam

35 2004 143 2052 hujus
172 2005 385 2043 discriminis
414 2007 450 2041 in
474 2005 618 2042 historia
635 2004 876 2052 respirationis
897 2005 1082 2045 dabimus,
1117 2017 1136 2041 a
1163 2016 1233 2054 qua
1262 2003 1406 2052 pendet.
1445 2001 1488 2040 In
1510 2003 1628 2040 casto-v

34 2075 74 2101 re
104 2064 190 2113 lego
227 2067 244 2110 (
260 2066 339 2111 0)‚,
374 2063 470 2114 apud
506 2061 680 2102 Parifinos
707 2062 931 2102 academicos
943 2092 959 2108 ,.
990 2064 1160 2102 dextrum
1190 2064 1321 2103 atrium
1349 2061 1468 2100 cordis
1497 2064 1626 2112 potius—

1527 2119 1627 2158 sinis,-

74 2179 150 2217 (ε)
172 2181 189 2211 l
219 2191 242 2211 c„
267 2191 286 2219 p
326 2188 396 2219 740·

73 2221 151 2257 (h)
174 2220 276 2261 Fascic
302 2223 520 2256 i071.cnat.4.
547 2219 782 2259 Tab.1.fig.2·,

31 2266 36 2268 ’
73 2261 86 2297 (
108 2263 119 2289 ι’
144 2264 153 2295 “)
178 2263 304 2292 Dimidio
327 2264 465 2293 minorem
485 2261 553 2291 facit
579 2272 604 2298 p.
634 2268 703 2298 740

71 2302 86 2378 ἑ
103 2303 121 2370 Αἱ
137 2303 150 2369 ξ
171 2303 256 2374 {mcw
265 2313 292 2381 ἕ
302 2314 327 2371 ιι.
335 2312 385 2378 ‘pa
398 2313 421 2333 ι.
443 2312 472 2340 p.
493 2312 540 2341 24-
564 2302 655 2339 Sceph.
681 2302 704 2333 B
717 2313 734 2331 ι.
749 2311 832 2334 Aue
846 2312 866 2333 Λ
883 2312 903 2333 Α
916 2312 934 2333 ι
952 2312 972 2333 n
1011 2300 1233 2343 Cartesaanfibe
1257 2304 1402 2334 academie.
1430 2311 1457 2341 p.
1488 2311 1524 2334 m.
1563 2311 1618 2342 354..

71 2382 150 2419 (κα)
173 2384 309 2414 Memoz‘r.
337 2383 496 2414 del‘Acad.
520 2385 588 2421 Roy.
608 2382 768 2421 desscfflenc
798 2389 938 2423 171g.p.
965 2391 1031 2425 283.

67 2422 149 2501 ένοις
174 2422 328 2463 ReponJea
351 2427 377 2453 la
397 2426 518 2464 critique
539 2426 572 2454 de
598 2425 626 2454 M
664 2425 710 2454 W
728 2434 893 2456 instow
919 2436 937 2465 p
971 2439 998 2463 ⁴·

168 2467 308 2498 Memoir.
334 2466 368 2496 de
391 2453 504 2498 1'Aca‘d.
526 2467 598 2506 Ray.
623 2467 671 2496 des
680 2464 784 2506 ⁴,lcum
811 2474 890 2506 1704
927 2477 956 2506 p.
981 2478 1028 2508 59.

763 2543 766 2544 γ
1029 2512 1053 2552 S
1091 2526 1108 2551 s
1167 2523 1193 2556 ἐς
