<?xml version="1.0" encoding="UTF-8"?>
<!DOCTYPE html PUBLIC "-//W3C//DTD XHTML 1.0 Transitional//EN"
    "http://www.w3.org/TR/xhtml1/DTD/xhtml1-transitional.dtd">
<html xmlns="http://www.w3.org/1999/xhtml" xml:lang="en" lang="en">
 <head>
  <title>
</title>
<meta http-equiv="Content-Type" content="text/html;charset=utf-8" />
  <meta name='ocr-system' content='tesseract 3.04.00' />
  <meta name='ocr-capabilities' content='ocr_page ocr_carea ocr_par ocr_line ocrx_word'/>
</head>
<body>
  <div class='ocr_page' id='page_1' title='image "./elementaphysiolo01hall_0454.png"; bbox 0 0 2003 2748; ppageno 0'>
   <div class='ocr_carea' id='block_1_1' title="bbox 822 143 1395 187">
    <p class='ocr_par' dir='ltr' id='par_1_1' title="bbox 822 143 1395 187">
     <span class='ocr_line' id='line_1_1' title="bbox 822 143 1395 187; baseline 0 -2"><span class='ocrx_word' id='word_1_1' title='bbox 822 143 986 186; x_wconf 68' lang='lat' dir='ltr'>LIB.</span> <span class='ocrx_word' id='word_1_2' title='bbox 1051 143 1152 186; x_wconf 77' lang='lat' dir='ltr'>[V.</span> <span class='ocrx_word' id='word_1_3' title='bbox 1220 143 1395 187; x_wconf 80' lang='lat' dir='ltr'>COR.</span> 
     </span>
    </p>
   </div>
   <div class='ocr_carea' id='block_1_2' title="bbox 295 237 1907 414">
    <p class='ocr_par' dir='ltr' id='par_1_2' title="bbox 295 237 1907 414">
     <span class='ocr_line' id='line_1_2' title="bbox 298 237 1907 298; baseline -0.001 -13"><span class='ocrx_word' id='word_1_4' title='bbox 298 259 426 298; x_wconf 86' lang='lat' dir='ltr'>parurn</span> <span class='ocrx_word' id='word_1_5' title='bbox 448 244 602 294; x_wconf 75' lang='lat' dir='ltr'>reliquae</span> <span class='ocrx_word' id='word_1_6' title='bbox 621 241 730 281; x_wconf 82' lang='lat' dir='ltr'>causae</span> <span class='ocrx_word' id='word_1_7' title='bbox 748 242 793 280; x_wconf 89' lang='lat' dir='ltr'>ad</span> <span class='ocrx_word' id='word_1_8' title='bbox 819 242 890 281; x_wconf 78' lang='lat' dir='ltr'>sani</span> <span class='ocrx_word' id='word_1_9' title='bbox 914 244 1074 281; x_wconf 80' lang='lat' dir='ltr'>animalis</span> <span class='ocrx_word' id='word_1_10' title='bbox 1085 244 1292 293; x_wconf 81' lang='lat' dir='ltr'>legitimum</span> <span class='ocrx_word' id='word_1_11' title='bbox 1303 244 1505 281; x_wconf 78' lang='lat' dir='ltr'>‘circuitum</span> <span class='ocrx_word' id='word_1_12' title='bbox 1529 237 1672 293; x_wconf 76' lang='lat' dir='ltr'>possint.</span> <span class='ocrx_word' id='word_1_13' title='bbox 1709 240 1779 282; x_wconf 86' lang='lat' dir='ltr'>Sed</span> <span class='ocrx_word' id='word_1_14' title='bbox 1800 244 1907 284; x_wconf 83' lang='lat' dir='ltr'>etiam</span> 
     </span>
     <span class='ocr_line' id='line_1_3' title="bbox 297 301 1907 353; baseline -0.002 -8"><span class='ocrx_word' id='word_1_15' title='bbox 297 309 336 345; x_wconf 89' lang='lat' dir='ltr'>in</span> <span class='ocrx_word' id='word_1_16' title='bbox 357 306 478 344; x_wconf 87' lang='lat' dir='ltr'>calidis</span> <span class='ocrx_word' id='word_1_17' title='bbox 513 304 726 341; x_wconf 77' lang='lat' dir='ltr'>animalibus</span> <span class='ocrx_word' id='word_1_18' title='bbox 752 316 830 353; x_wconf 84' lang='lat' dir='ltr'>pars</span> <span class='ocrx_word' id='word_1_19' title='bbox 861 316 992 352; x_wconf 85' lang='lat' dir='ltr'>magna</span> <span class='ocrx_word' id='word_1_20' title='bbox 1008 307 1060 340; x_wconf 91' lang='lat' dir='ltr'>vis</span> <span class='ocrx_word' id='word_1_21' title='bbox 1085 301 1206 341; x_wconf 86' lang='lat' dir='ltr'>venofi</span> <span class='ocrx_word' id='word_1_22' title='bbox 1233 304 1415 353; x_wconf 79' lang='lat' dir='ltr'>sanguinis</span> <span class='ocrx_word' id='word_1_23' title='bbox 1442 315 1461 340; x_wconf 87' lang='lat' dir='ltr'>a</span> <span class='ocrx_word' id='word_1_24' title='bbox 1487 304 1598 341; x_wconf 90' lang='lat' dir='ltr'>corde</span> <span class='ocrx_word' id='word_1_25' title='bbox 1618 304 1806 341; x_wconf 85' lang='lat' dir='ltr'>manifesto</span> <span class='ocrx_word' id='word_1_26' title='bbox 1819 316 1907 353; x_wconf 87' lang='lat' dir='ltr'>pen-</span> 
     </span>
     <span class='ocr_line' id='line_1_4' title="bbox 295 362 1907 414; baseline -0.001 -11"><span class='ocrx_word' id='word_1_27' title='bbox 295 367 384 408; x_wconf 84' lang='lat' dir='ltr'>det,</span> <span class='ocrx_word' id='word_1_28' title='bbox 424 377 509 401; x_wconf 83' lang='lat' dir='ltr'>cum</span> <span class='ocrx_word' id='word_1_29' title='bbox 531 377 574 402; x_wconf 86' lang='lat' dir='ltr'>eo</span> <span class='ocrx_word' id='word_1_30' title='bbox 601 371 767 413; x_wconf 87' lang='lat' dir='ltr'>tempore</span> <span class='ocrx_word' id='word_1_31' title='bbox 790 364 940 413; x_wconf 81' lang='lat' dir='ltr'>perinde</span> <span class='ocrx_word' id='word_1_32' title='bbox 965 363 1052 401; x_wconf 82' lang='lat' dir='ltr'>fluat</span> <span class='ocrx_word' id='word_1_33' title='bbox 1067 391 1076 407; x_wconf 91' lang='lat'>,</span> <span class='ocrx_word' id='word_1_34' title='bbox 1097 376 1172 414; x_wconf 91' lang='lat' dir='ltr'>quo</span> <span class='ocrx_word' id='word_1_35' title='bbox 1187 365 1321 401; x_wconf 81' lang='lat' dir='ltr'>arteriae</span> <span class='ocrx_word' id='word_1_36' title='bbox 1339 362 1552 407; x_wconf 83' lang='lat' dir='ltr'>dilatantur,</span> <span class='ocrx_word' id='word_1_37' title='bbox 1572 364 1682 413; x_wconf 90' lang='lat' dir='ltr'>inque</span> <span class='ocrx_word' id='word_1_38' title='bbox 1699 362 1803 402; x_wconf 86' lang='lat' dir='ltr'>suum</span> <span class='ocrx_word' id='word_1_39' title='bbox 1814 363 1907 402; x_wconf 84' lang='lat' dir='ltr'>adeo</span> 
     </span>
    </p>
   </div>
   <div class='ocr_carea' id='block_1_3' title="bbox 294 423 990 474">
    <p class='ocr_par' dir='ltr' id='par_1_3' title="bbox 294 423 990 474">
     <span class='ocr_line' id='line_1_5' title="bbox 294 423 990 474; baseline -0.003 -12"><span class='ocrx_word' id='word_1_40' title='bbox 294 425 508 474; x_wconf 78' lang='lat' dir='ltr'>sanguinem</span> <span class='ocrx_word' id='word_1_41' title='bbox 533 423 623 461; x_wconf 87' lang='lat' dir='ltr'>nihil</span> <span class='ocrx_word' id='word_1_42' title='bbox 649 423 849 473; x_wconf 80' lang='lat' dir='ltr'>quidquam</span> <span class='ocrx_word' id='word_1_43' title='bbox 868 432 990 472; x_wconf 81' lang='lat' dir='ltr'>agunt.</span> 
     </span>
    </p>
   </div>
   <div class='ocr_carea' id='block_1_4' title="bbox 703 528 1481 582">
    <p class='ocr_par' dir='ltr' id='par_1_4' title="bbox 703 528 1481 582">
     <span class='ocr_line' id='line_1_6' title="bbox 703 528 1481 582; baseline 0.001 -12"><span class='ocrx_word' id='word_1_44' title='bbox 703 535 749 578; x_wconf 53' lang='grc' dir='ltr'>ὃ.</span> <span class='ocrx_word' id='word_1_45' title='bbox 784 531 826 570; x_wconf 87' lang='grc' dir='ltr'>Χ</span> <span class='ocrx_word' id='word_1_46' title='bbox 843 530 885 570; x_wconf 89' lang='grc' dir='ltr'>Χ</span> <span class='ocrx_word' id='word_1_47' title='bbox 902 531 937 569; x_wconf 94' lang='lat' dir='ltr'>V</span> <span class='ocrx_word' id='word_1_48' title='bbox 952 531 969 570; x_wconf 87' lang='lat'>1</span> <span class='ocrx_word' id='word_1_49' title='bbox 987 530 1012 569; x_wconf 93' lang='lat' dir='ltr'>I.</span> <span class='ocrx_word' id='word_1_50' title='bbox 1078 528 1141 570; x_wconf 85' lang='lat' dir='ltr'>An</span> <span class='ocrx_word' id='word_1_51' title='bbox 1161 533 1198 570; x_wconf 85' lang='lat' dir='ltr'>in</span> <span class='ocrx_word' id='word_1_52' title='bbox 1219 528 1310 582; x_wconf 81' lang='lat' dir='ltr'>vasa</span> <span class='ocrx_word' id='word_1_53' title='bbox 1331 532 1481 571; x_wconf 82' lang='lat' dir='ltr'>minora.</span> 
     </span>
    </p>
   </div>
   <div class='ocr_carea' id='block_1_5' title="bbox 301 157 384 197">
    <p class='ocr_par' dir='ltr' id='par_1_5' title="bbox 301 157 384 197">
     <span class='ocr_line' id='line_1_7' title="bbox 301 157 384 197; baseline -0.036 0"><span class='ocrx_word' id='word_1_54' title='bbox 301 157 384 197; x_wconf 49' lang='grc' dir='ltr'>με</span> 
     </span>
    </p>
   </div>
   <div class='ocr_carea' id='block_1_6' title="bbox 278 638 1928 2008">
    <p class='ocr_par' dir='ltr' id='par_1_6' title="bbox 278 638 1928 2008">
     <span class='ocr_line' id='line_1_8' title="bbox 353 638 1906 693; baseline -0.004 -11"><span class='ocrx_word' id='word_1_55' title='bbox 353 644 410 682; x_wconf 85' lang='lat' dir='ltr'>An</span> <span class='ocrx_word' id='word_1_56' title='bbox 435 645 540 682; x_wconf 83' lang='lat' dir='ltr'>etiam</span> <span class='ocrx_word' id='word_1_57' title='bbox 559 641 720 692; x_wconf 81' lang='lat' dir='ltr'>liquores</span> <span class='ocrx_word' id='word_1_58' title='bbox 747 642 935 680; x_wconf 85' lang='lat' dir='ltr'>minorum</span> <span class='ocrx_word' id='word_1_59' title='bbox 966 652 1143 689; x_wconf 79' lang='lat' dir='ltr'><strong>generum</strong></span> <span class='ocrx_word' id='word_1_60' title='bbox 1164 653 1180 678; x_wconf 84' lang='lat' dir='ltr'>a</span> <span class='ocrx_word' id='word_1_61' title='bbox 1207 638 1318 678; x_wconf 86' lang='lat' dir='ltr'>corde</span> <span class='ocrx_word' id='word_1_62' title='bbox 1344 641 1382 678; x_wconf 91' lang='lat' dir='ltr'>in</span> <span class='ocrx_word' id='word_1_63' title='bbox 1402 647 1548 679; x_wconf 88' lang='lat' dir='ltr'>motum</span> <span class='ocrx_word' id='word_1_64' title='bbox 1566 641 1752 686; x_wconf 61' lang='lat' dir='ltr'>deantur,</span> <span class='ocrx_word' id='word_1_65' title='bbox 1796 644 1906 693; x_wconf 58' lang='lat' dir='ltr'>expe-5</span> 
     </span>
     <span class='ocr_line' id='line_1_9' title="bbox 290 700 1907 752; baseline -0.001 -9"><span class='ocrx_word' id='word_1_66' title='bbox 290 706 451 743; x_wconf 70' lang='lat' dir='ltr'>rimento</span> <span class='ocrx_word' id='word_1_67' title='bbox 482 703 622 741; x_wconf 83' lang='lat' dir='ltr'>ostendi</span> <span class='ocrx_word' id='word_1_68' title='bbox 644 703 797 752; x_wconf 89' lang='lat' dir='ltr'>nequit,</span> <span class='ocrx_word' id='word_1_69' title='bbox 834 714 917 739; x_wconf 89' lang='lat' dir='ltr'>cum</span> <span class='ocrx_word' id='word_1_70' title='bbox 939 704 1094 739; x_wconf 87' lang='lat' dir='ltr'>omnino</span> <span class='ocrx_word' id='word_1_71' title='bbox 1113 713 1230 750; x_wconf 84' lang='lat' dir='ltr'>neque</span> <span class='ocrx_word' id='word_1_72' title='bbox 1261 703 1296 737; x_wconf 85' lang='lat' dir='ltr'>iu</span> <span class='ocrx_word' id='word_1_73' title='bbox 1326 701 1554 750; x_wconf 82' lang='lat' dir='ltr'>lymphaticis</span> <span class='ocrx_word' id='word_1_74' title='bbox 1572 700 1656 738; x_wconf 83' lang='lat' dir='ltr'>vafis</span> <span class='ocrx_word' id='word_1_75' title='bbox 1683 701 1837 751; x_wconf 89' lang='lat' dir='ltr'>inpulfio</span> <span class='ocrx_word' id='word_1_76' title='bbox 1857 702 1907 741; x_wconf 70' lang='lat' dir='ltr'>ale</span> 
     </span>
     <span class='ocr_line' id='line_1_10' title="bbox 291 760 1906 814; baseline -0.002 -11"><span class='ocrx_word' id='word_1_77' title='bbox 291 774 392 803; x_wconf 80' lang='lat' dir='ltr'>terna</span> <span class='ocrx_word' id='word_1_78' title='bbox 416 764 634 814; x_wconf 75' lang='lat' dir='ltr'>percipiatur</span> <span class='ocrx_word' id='word_1_79' title='bbox 649 790 659 805; x_wconf 94' lang='lat'>,</span> <span class='ocrx_word' id='word_1_80' title='bbox 698 774 817 811; x_wconf 89' lang='lat' dir='ltr'>neque</span> <span class='ocrx_word' id='word_1_81' title='bbox 844 762 881 798; x_wconf 88' lang='lat' dir='ltr'>in</span> <span class='ocrx_word' id='word_1_82' title='bbox 910 761 1143 799; x_wconf 87' lang='lat' dir='ltr'>decoloribus</span> <span class='ocrx_word' id='word_1_83' title='bbox 1164 762 1300 798; x_wconf 81' lang='lat' dir='ltr'>arteriis</span> <span class='ocrx_word' id='word_1_84' title='bbox 1320 763 1570 810; x_wconf 86' lang='lat' dir='ltr'>experimenta</span> <span class='ocrx_word' id='word_1_85' title='bbox 1601 760 1687 798; x_wconf 59' lang='lat' dir='ltr'>facia</span> <span class='ocrx_word' id='word_1_86' title='bbox 1710 760 1778 799; x_wconf 78' lang='lat' dir='ltr'>sint</span> <span class='ocrx_word' id='word_1_87' title='bbox 1793 790 1803 805; x_wconf 91' lang='lat'><strong>,</strong></span> <span class='ocrx_word' id='word_1_88' title='bbox 1843 769 1906 800; x_wconf 90' lang='lat' dir='ltr'>aut</span> 
     </span>
     <span class='ocr_line' id='line_1_11' title="bbox 289 821 1902 872; baseline -0.002 -10"><span class='ocrx_word' id='word_1_89' title='bbox 289 825 393 863; x_wconf 81' lang='lat' dir='ltr'>facile</span> <span class='ocrx_word' id='word_1_90' title='bbox 423 823 498 862; x_wconf 87' lang='lat' dir='ltr'>fieri</span> <span class='ocrx_word' id='word_1_91' title='bbox 519 822 660 872; x_wconf 85' lang='lat' dir='ltr'>poffint.</span> <span class='ocrx_word' id='word_1_92' title='bbox 698 821 822 860; x_wconf 87' lang='lat' dir='ltr'>Parem</span> <span class='ocrx_word' id='word_1_93' title='bbox 854 831 974 859; x_wconf 88' lang='lat' dir='ltr'>tamen</span> <span class='ocrx_word' id='word_1_94' title='bbox 995 834 1123 859; x_wconf 86' lang='lat' dir='ltr'>eorum</span> <span class='ocrx_word' id='word_1_95' title='bbox 1151 821 1316 858; x_wconf 85' lang='lat' dir='ltr'>vasorum</span> <span class='ocrx_word' id='word_1_96' title='bbox 1341 833 1427 858; x_wconf 84' lang='lat' dir='ltr'>cum</span> <span class='ocrx_word' id='word_1_97' title='bbox 1449 822 1548 858; x_wconf 88' lang='lat' dir='ltr'>venis</span> <span class='ocrx_word' id='word_1_98' title='bbox 1573 821 1690 858; x_wconf 86' lang='lat' dir='ltr'>rubris</span> <span class='ocrx_word' id='word_1_99' title='bbox 1716 829 1902 866; x_wconf 85' lang='lat' dir='ltr'>naturam,</span> 
     </span>
     <span class='ocr_line' id='line_1_12' title="bbox 289 879 1904 937; baseline -0.002 -15"><span class='ocrx_word' id='word_1_100' title='bbox 289 896 487 937; x_wconf 88' lang='lat' dir='ltr'>paremque</span> <span class='ocrx_word' id='word_1_101' title='bbox 512 885 550 920; x_wconf 88' lang='lat' dir='ltr'>in</span> <span class='ocrx_word' id='word_1_102' title='bbox 562 890 752 932; x_wconf 86' lang='lat' dir='ltr'>utramque</span> <span class='ocrx_word' id='word_1_103' title='bbox 777 879 916 919; x_wconf 75' lang='lat' dir='ltr'>clalsem</span> <span class='ocrx_word' id='word_1_104' title='bbox 934 881 1054 918; x_wconf 87' lang='lat' dir='ltr'>cordis</span> <span class='ocrx_word' id='word_1_105' title='bbox 1083 883 1306 930; x_wconf 80' lang='lat' dir='ltr'>potentiam,</span> <span class='ocrx_word' id='word_1_106' title='bbox 1335 882 1425 919; x_wconf 85' lang='lat' dir='ltr'>ratio</span> <span class='ocrx_word' id='word_1_107' title='bbox 1449 880 1594 918; x_wconf 87' lang='lat' dir='ltr'>suadere</span> <span class='ocrx_word' id='word_1_108' title='bbox 1615 880 1768 918; x_wconf 87' lang='lat' dir='ltr'>videtur.</span> <span class='ocrx_word' id='word_1_109' title='bbox 1807 880 1904 920; x_wconf 87' lang='lat' dir='ltr'>Cum</span> 
     </span>
     <span class='ocr_line' id='line_1_13' title="bbox 289 939 1905 990; baseline -0.002 -8"><span class='ocrx_word' id='word_1_110' title='bbox 289 947 389 982; x_wconf 88' lang='lat' dir='ltr'>enim</span> <span class='ocrx_word' id='word_1_111' title='bbox 410 955 585 982; x_wconf 85' lang='lat' dir='ltr'>venarum</span> <span class='ocrx_word' id='word_1_112' title='bbox 606 942 816 990; x_wconf 87' lang='lat' dir='ltr'>sanguinem</span> <span class='ocrx_word' id='word_1_113' title='bbox 837 954 856 978; x_wconf 84' lang='lat' dir='ltr'>a</span> <span class='ocrx_word' id='word_1_114' title='bbox 879 941 990 978; x_wconf 89' lang='lat' dir='ltr'>corde</span> <span class='ocrx_word' id='word_1_115' title='bbox 1019 943 1077 990; x_wconf 87' lang='lat' dir='ltr'>agi</span> <span class='ocrx_word' id='word_1_116' title='bbox 1102 941 1392 983; x_wconf 83' lang='lat' dir='ltr'>ostenderimus,</span> <span class='ocrx_word' id='word_1_117' title='bbox 1445 941 1482 977; x_wconf 67' lang='grc' dir='ltr'>ἃ.</span> <span class='ocrx_word' id='word_1_118' title='bbox 1506 952 1608 990; x_wconf 84' lang='lat' dir='ltr'>aeque</span> <span class='ocrx_word' id='word_1_119' title='bbox 1635 939 1738 979; x_wconf 86' lang='lat' dir='ltr'>facile</span> <span class='ocrx_word' id='word_1_120' title='bbox 1769 942 1807 978; x_wconf 91' lang='lat' dir='ltr'>in</span> <span class='ocrx_word' id='word_1_121' title='bbox 1829 941 1905 990; x_wconf 78' lang='lat' dir='ltr'>ple-</span> 
     </span>
     <span class='ocr_line' id='line_1_14' title="bbox 288 999 1904 1055; baseline -0.002 -13"><span class='ocrx_word' id='word_1_122' title='bbox 288 1004 412 1055; x_wconf 83' lang='lat' dir='ltr'>rasque</span> <span class='ocrx_word' id='word_1_123' title='bbox 433 1003 509 1042; x_wconf 80' lang='lat' dir='ltr'>vasa</span> <span class='ocrx_word' id='word_1_124' title='bbox 533 1003 674 1040; x_wconf 88' lang='lat' dir='ltr'>minora</span> <span class='ocrx_word' id='word_1_125' title='bbox 692 1029 701 1045; x_wconf 90' lang='lat'>,</span> <span class='ocrx_word' id='word_1_126' title='bbox 741 1014 849 1052; x_wconf 82' lang='lat' dir='ltr'>quam</span> <span class='ocrx_word' id='word_1_127' title='bbox 870 1002 906 1037; x_wconf 85' lang='lat' dir='ltr'>iu</span> <span class='ocrx_word' id='word_1_128' title='bbox 932 1013 1037 1038; x_wconf 79' lang='lat' dir='ltr'>venas</span> <span class='ocrx_word' id='word_1_129' title='bbox 1054 1030 1062 1044; x_wconf 91' lang='lat'><strong>,</strong></span> <span class='ocrx_word' id='word_1_130' title='bbox 1099 1001 1271 1039; x_wconf 88' lang='lat' dir='ltr'>humores</span> <span class='ocrx_word' id='word_1_131' title='bbox 1295 1000 1526 1050; x_wconf 78' lang='lat' dir='ltr'>impellantur</span> <span class='ocrx_word' id='word_1_132' title='bbox 1548 1000 1613 1049; x_wconf 84' lang='lat' dir='ltr'>(l)</span> <span class='ocrx_word' id='word_1_133' title='bbox 1629 1026 1638 1044; x_wconf 89' lang='lat'><strong>‚</strong></span> <span class='ocrx_word' id='word_1_134' title='bbox 1671 1001 1839 1050; x_wconf 85' lang='lat' dir='ltr'>adeoque</span> <span class='ocrx_word' id='word_1_135' title='bbox 1857 999 1904 1039; x_wconf 87' lang='lat' dir='ltr'>ad</span> 
     </span>
     <span class='ocr_line' id='line_1_15' title="bbox 288 1061 1903 1111; baseline -0.002 -10"><span class='ocrx_word' id='word_1_136' title='bbox 288 1064 366 1102; x_wconf 81' lang='lat' dir='ltr'>vasa</span> <span class='ocrx_word' id='word_1_137' title='bbox 389 1065 540 1101; x_wconf 88' lang='lat' dir='ltr'>minima</span> <span class='ocrx_word' id='word_1_138' title='bbox 575 1072 698 1100; x_wconf 84' lang='lat' dir='ltr'>motus</span> <span class='ocrx_word' id='word_1_139' title='bbox 739 1073 784 1098; x_wconf 83' lang='lat' dir='ltr'>ex</span> <span class='ocrx_word' id='word_1_140' title='bbox 808 1062 943 1099; x_wconf 88' lang='lat' dir='ltr'>arteriis</span> <span class='ocrx_word' id='word_1_141' title='bbox 975 1074 1076 1111; x_wconf 76' lang='lat' dir='ltr'>aeque</span> <span class='ocrx_word' id='word_1_142' title='bbox 1106 1064 1291 1111; x_wconf 85' lang='lat' dir='ltr'>perveniat</span> <span class='ocrx_word' id='word_1_143' title='bbox 1320 1089 1329 1105; x_wconf 89' lang='lat'>‚</span> <span class='ocrx_word' id='word_1_144' title='bbox 1380 1073 1489 1111; x_wconf 86' lang='lat' dir='ltr'>quam</span> <span class='ocrx_word' id='word_1_145' title='bbox 1520 1061 1565 1098; x_wconf 86' lang='lat' dir='ltr'>ad</span> <span class='ocrx_word' id='word_1_146' title='bbox 1604 1073 1733 1104; x_wconf 88' lang='lat' dir='ltr'>venas,</span> <span class='ocrx_word' id='word_1_147' title='bbox 1771 1062 1903 1110; x_wconf 85' lang='lat' dir='ltr'>paritet</span> 
     </span>
     <span class='ocr_line' id='line_1_16' title="bbox 286 1121 1897 1165; baseline -0.002 -4"><span class='ocrx_word' id='word_1_148' title='bbox 286 1126 395 1161; x_wconf 67' lang='lat' dir='ltr'>etiam</span> <span class='ocrx_word' id='word_1_149' title='bbox 422 1123 543 1161; x_wconf 81' lang='lat' dir='ltr'>cordis</span> <span class='ocrx_word' id='word_1_150' title='bbox 567 1124 643 1160; x_wconf 89' lang='lat' dir='ltr'>vim</span> <span class='ocrx_word' id='word_1_151' title='bbox 668 1149 677 1165; x_wconf 90' lang='lat'>‚</span> <span class='ocrx_word' id='word_1_152' title='bbox 724 1129 766 1159; x_wconf 93' lang='lat' dir='ltr'>ut</span> <span class='ocrx_word' id='word_1_153' title='bbox 798 1123 836 1159; x_wconf 94' lang='lat' dir='ltr'>in</span> <span class='ocrx_word' id='word_1_154' title='bbox 864 1134 971 1159; x_wconf 87' lang='lat' dir='ltr'>venas</span> <span class='ocrx_word' id='word_1_155' title='bbox 991 1151 999 1164; x_wconf 94' lang='lat'><em>,</em></span> <span class='ocrx_word' id='word_1_156' title='bbox 1036 1124 1081 1159; x_wconf 89' lang='lat' dir='ltr'>ita</span> <span class='ocrx_word' id='word_1_157' title='bbox 1100 1124 1136 1159; x_wconf 85' lang='lat' dir='ltr'>in</span> <span class='ocrx_word' id='word_1_158' title='bbox 1165 1121 1238 1159; x_wconf 86' lang='lat' dir='ltr'>vasa</span> <span class='ocrx_word' id='word_1_159' title='bbox 1262 1124 1413 1159; x_wconf 79' lang='lat' dir='ltr'>minima</span> <span class='ocrx_word' id='word_1_160' title='bbox 1438 1123 1645 1159; x_wconf 87' lang='lat' dir='ltr'>continuari</span> <span class='ocrx_word' id='word_1_161' title='bbox 1670 1121 1897 1159; x_wconf 83' lang='lat' dir='ltr'>crediderim.</span> 
     </span>
     <span class='ocr_line' id='line_1_17' title="bbox 285 1181 1901 1233; baseline -0.002 -12"><span class='ocrx_word' id='word_1_162' title='bbox 285 1182 434 1222; x_wconf 80' lang='lat' dir='ltr'>Deinde</span> <span class='ocrx_word' id='word_1_163' title='bbox 464 1183 554 1220; x_wconf 88' lang='lat' dir='ltr'>mihi</span> <span class='ocrx_word' id='word_1_164' title='bbox 580 1182 730 1233; x_wconf 87' lang='lat' dir='ltr'>quidem</span> <span class='ocrx_word' id='word_1_165' title='bbox 756 1182 945 1231; x_wconf 82' lang='lat' dir='ltr'>probabile</span> <span class='ocrx_word' id='word_1_166' title='bbox 967 1182 1108 1219; x_wconf 87' lang='lat' dir='ltr'>videtur</span> <span class='ocrx_word' id='word_1_167' title='bbox 1126 1211 1134 1224; x_wconf 84' lang='lat'><strong>‚</strong></span> <span class='ocrx_word' id='word_1_168' title='bbox 1171 1195 1324 1219; x_wconf 84' lang='lat' dir='ltr'>omnem</span> <span class='ocrx_word' id='word_1_169' title='bbox 1348 1182 1548 1220; x_wconf 88' lang='lat' dir='ltr'>humorum</span> <span class='ocrx_word' id='word_1_170' title='bbox 1578 1181 1845 1219; x_wconf 86' lang='lat' dir='ltr'>univerfitatem</span> <span class='ocrx_word' id='word_1_171' title='bbox 1861 1182 1901 1218; x_wconf 88' lang='lat' dir='ltr'>in</span> 
     </span>
     <span class='ocr_line' id='line_1_18' title="bbox 286 1240 1903 1293; baseline -0.002 -12"><span class='ocrx_word' id='word_1_172' title='bbox 286 1255 443 1293; x_wconf 89' lang='lat' dir='ltr'>corpore</span> <span class='ocrx_word' id='word_1_173' title='bbox 467 1243 613 1280; x_wconf 89' lang='lat' dir='ltr'>animali</span> <span class='ocrx_word' id='word_1_174' title='bbox 637 1243 681 1280; x_wconf 88' lang='lat' dir='ltr'>ab</span> <span class='ocrx_word' id='word_1_175' title='bbox 711 1244 822 1280; x_wconf 88' lang='lat' dir='ltr'>unico</span> <span class='ocrx_word' id='word_1_176' title='bbox 848 1251 994 1279; x_wconf 86' lang='lat' dir='ltr'>motore</span> <span class='ocrx_word' id='word_1_177' title='bbox 1017 1244 1053 1279; x_wconf 88' lang='lat' dir='ltr'>in</span> <span class='ocrx_word' id='word_1_178' title='bbox 1084 1242 1262 1279; x_wconf 88' lang='lat' dir='ltr'>circulum</span> <span class='ocrx_word' id='word_1_179' title='bbox 1286 1244 1369 1290; x_wconf 85' lang='lat' dir='ltr'>agi3</span> <span class='ocrx_word' id='word_1_180' title='bbox 1404 1254 1487 1279; x_wconf 90' lang='lat' dir='ltr'>cum</span> <span class='ocrx_word' id='word_1_181' title='bbox 1508 1243 1544 1278; x_wconf 89' lang='lat' dir='ltr'>in</span> <span class='ocrx_word' id='word_1_182' title='bbox 1572 1241 1723 1279; x_wconf 85' lang='lat' dir='ltr'>homine</span> <span class='ocrx_word' id='word_1_183' title='bbox 1739 1240 1903 1279; x_wconf 81' lang='lat' dir='ltr'>submer-</span> 
     </span>
     <span class='ocr_line' id='line_1_19' title="bbox 284 1299 1901 1351; baseline -0.001 -10"><span class='ocrx_word' id='word_1_184' title='bbox 284 1302 349 1346; x_wconf 86' lang='lat' dir='ltr'>sO,</span> <span class='ocrx_word' id='word_1_185' title='bbox 384 1310 444 1341; x_wconf 86' lang='lat' dir='ltr'>aut</span> <span class='ocrx_word' id='word_1_186' title='bbox 464 1302 617 1340; x_wconf 86' lang='lat' dir='ltr'>animale</span> <span class='ocrx_word' id='word_1_187' title='bbox 648 1309 819 1339; x_wconf 89' lang='lat' dir='ltr'>emortuo</span> <span class='ocrx_word' id='word_1_188' title='bbox 837 1328 846 1344; x_wconf 84' lang='lat'>,</span> <span class='ocrx_word' id='word_1_189' title='bbox 882 1303 984 1349; x_wconf 86' lang='lat' dir='ltr'>cujus</span> <span class='ocrx_word' id='word_1_190' title='bbox 1012 1314 1141 1339; x_wconf 86' lang='lat' dir='ltr'>omnes</span> <span class='ocrx_word' id='word_1_191' title='bbox 1168 1302 1340 1339; x_wconf 88' lang='lat' dir='ltr'>humores</span> <span class='ocrx_word' id='word_1_192' title='bbox 1370 1301 1584 1351; x_wconf 82' lang='lat' dir='ltr'>quiescunt,</span> <span class='ocrx_word' id='word_1_193' title='bbox 1620 1313 1683 1338; x_wconf 89' lang='lat' dir='ltr'>cor</span> <span class='ocrx_word' id='word_1_194' title='bbox 1714 1300 1833 1338; x_wconf 88' lang='lat' dir='ltr'>solum</span> <span class='ocrx_word' id='word_1_195' title='bbox 1854 1299 1901 1339; x_wconf 88' lang='lat' dir='ltr'>ad</span> 
     </span>
     <span class='ocr_line' id='line_1_20' title="bbox 283 1360 1900 1410; baseline -0.001 -10"><span class='ocrx_word' id='word_1_196' title='bbox 283 1369 431 1401; x_wconf 89' lang='lat' dir='ltr'>motum</span> <span class='ocrx_word' id='word_1_197' title='bbox 457 1361 638 1401; x_wconf 73' lang='lat' dir='ltr'>revocasse</span> <span class='ocrx_word' id='word_1_198' title='bbox 659 1360 828 1404; x_wconf 85' lang='lat' dir='ltr'>sufficiat,</span> <span class='ocrx_word' id='word_1_199' title='bbox 864 1369 903 1399; x_wconf 89' lang='lat' dir='ltr'>ut</span> <span class='ocrx_word' id='word_1_200' title='bbox 922 1360 997 1408; x_wconf 84' lang='lat' dir='ltr'>ejus</span> <span class='ocrx_word' id='word_1_201' title='bbox 1016 1361 1213 1404; x_wconf 83' lang='lat' dir='ltr'>humores,</span> <span class='ocrx_word' id='word_1_202' title='bbox 1248 1373 1293 1398; x_wconf 83' lang='lat' dir='ltr'>ex</span> <span class='ocrx_word' id='word_1_203' title='bbox 1312 1361 1422 1410; x_wconf 84' lang='lat' dir='ltr'>longa</span> <span class='ocrx_word' id='word_1_204' title='bbox 1441 1363 1548 1398; x_wconf 84' lang='lat' dir='ltr'>etiam</span> <span class='ocrx_word' id='word_1_205' title='bbox 1571 1360 1711 1410; x_wconf 80' lang='lat' dir='ltr'>aliquot</span> <span class='ocrx_word' id='word_1_206' title='bbox 1726 1360 1900 1399; x_wconf 89' lang='lat' dir='ltr'>horarum</span> 
     </span>
     <span class='ocr_line' id='line_1_21' title="bbox 283 1419 1900 1472; baseline -0.002 -12"><span class='ocrx_word' id='word_1_207' title='bbox 283 1424 431 1472; x_wconf 85' lang='lat' dir='ltr'>quiete,</span> <span class='ocrx_word' id='word_1_208' title='bbox 468 1425 504 1460; x_wconf 90' lang='lat' dir='ltr'>in</span> <span class='ocrx_word' id='word_1_209' title='bbox 526 1422 734 1472; x_wconf 75' lang='lat' dir='ltr'>legitimum</span> <span class='ocrx_word' id='word_1_210' title='bbox 769 1430 912 1458; x_wconf 84' lang='lat' dir='ltr'>motum</span> <span class='ocrx_word' id='word_1_211' title='bbox 942 1421 1111 1464; x_wconf 83' lang='lat' dir='ltr'>redeant,</span> <span class='ocrx_word' id='word_1_212' title='bbox 1146 1423 1181 1458; x_wconf 85' lang='lat'>&amp;</span> <span class='ocrx_word' id='word_1_213' title='bbox 1204 1423 1275 1458; x_wconf 84' lang='lat' dir='ltr'>vita</span> <span class='ocrx_word' id='word_1_214' title='bbox 1299 1422 1531 1470; x_wconf 87' lang='lat' dir='ltr'>integerrima</span> <span class='ocrx_word' id='word_1_215' title='bbox 1558 1420 1779 1462; x_wconf 83' lang='lat' dir='ltr'>restituatur,</span> <span class='ocrx_word' id='word_1_216' title='bbox 1817 1419 1900 1458; x_wconf 83' lang='lat' dir='ltr'>nul-</span> 
     </span>
     <span class='ocr_line' id='line_1_22' title="bbox 282 1479 1928 1531; baseline -0.001 -12"><span class='ocrx_word' id='word_1_217' title='bbox 282 1482 314 1519; x_wconf 88' lang='lat' dir='ltr'>la</span> <span class='ocrx_word' id='word_1_218' title='bbox 338 1483 401 1519; x_wconf 82' lang='lat' dir='ltr'>alia</span> <span class='ocrx_word' id='word_1_219' title='bbox 428 1484 541 1520; x_wconf 86' lang='lat' dir='ltr'>totius</span> <span class='ocrx_word' id='word_1_220' title='bbox 568 1483 733 1531; x_wconf 89' lang='lat' dir='ltr'>corporis</span> <span class='ocrx_word' id='word_1_221' title='bbox 752 1489 852 1530; x_wconf 89' lang='lat' dir='ltr'>parte</span> <span class='ocrx_word' id='word_1_222' title='bbox 881 1490 1026 1518; x_wconf 85' lang='lat' dir='ltr'>mutata.</span> <span class='ocrx_word' id='word_1_223' title='bbox 1067 1481 1119 1519; x_wconf 86' lang='lat' dir='ltr'>lta</span> <span class='ocrx_word' id='word_1_224' title='bbox 1146 1481 1231 1518; x_wconf 87' lang='lat' dir='ltr'>alibi</span> <span class='ocrx_word' id='word_1_225' title='bbox 1257 1481 1407 1530; x_wconf 89' lang='lat' dir='ltr'>quidem</span> <span class='ocrx_word' id='word_1_226' title='bbox 1432 1479 1541 1518; x_wconf 82' lang='lat' dir='ltr'>fufius</span> <span class='ocrx_word' id='word_1_227' title='bbox 1567 1482 1814 1529; x_wconf 82' lang='lat' dir='ltr'>experimenta</span> <span class='ocrx_word' id='word_1_228' title='bbox 1842 1492 1898 1518; x_wconf 87' lang='lat' dir='ltr'>re·</span> <span class='ocrx_word' id='word_1_229' title='bbox 1924 1509 1928 1513; x_wconf 61' lang='grc'><strong><em>,</em></strong></span> 
     </span>
     <span class='ocr_line' id='line_1_23' title="bbox 283 1539 1898 1590; baseline 0 -12"><span class='ocrx_word' id='word_1_230' title='bbox 283 1542 524 1580; x_wconf 86' lang='lat' dir='ltr'>censebuntur</span> <span class='ocrx_word' id='word_1_231' title='bbox 542 1570 551 1585; x_wconf 94' lang='lat'><strong>,</strong></span> <span class='ocrx_word' id='word_1_232' title='bbox 595 1540 711 1580; x_wconf 79' lang='lat' dir='ltr'>citasse</span> <span class='ocrx_word' id='word_1_233' title='bbox 735 1542 881 1578; x_wconf 86' lang='lat' dir='ltr'>interim</span> <span class='ocrx_word' id='word_1_234' title='bbox 906 1540 1083 1579; x_wconf 86' lang='lat' dir='ltr'>suffecerit</span> <span class='ocrx_word' id='word_1_235' title='bbox 1111 1543 1404 1590; x_wconf 83' lang='lat' dir='ltr'>experimentum</span> <span class='ocrx_word' id='word_1_236' title='bbox 1418 1568 1427 1584; x_wconf 91' lang='lat'>,</span> <span class='ocrx_word' id='word_1_237' title='bbox 1463 1542 1570 1578; x_wconf 88' lang='lat' dir='ltr'>toties</span> <span class='ocrx_word' id='word_1_238' title='bbox 1596 1553 1614 1577; x_wconf 91' lang='lat' dir='ltr'>a</span> <span class='ocrx_word' id='word_1_239' title='bbox 1636 1539 1725 1578; x_wconf 74' lang='lat' dir='ltr'>We</span> <span class='ocrx_word' id='word_1_240' title='bbox 1740 1552 1790 1577; x_wconf 77' lang='lat' dir='ltr'>PF</span> <span class='ocrx_word' id='word_1_241' title='bbox 1804 1552 1823 1576; x_wconf 76' lang='lat' dir='ltr'>E</span> <span class='ocrx_word' id='word_1_242' title='bbox 1838 1552 1859 1577; x_wconf 82' lang='lat' dir='ltr'>R</span> <span class='ocrx_word' id='word_1_243' title='bbox 1873 1551 1898 1578; x_wconf 91' lang='lat'>0</span> 
     </span>
     <span class='ocr_line' id='line_1_24' title="bbox 284 1600 1898 1652; baseline -0.004 -10"><span class='ocrx_word' id='word_1_244' title='bbox 284 1601 296 1643; x_wconf 91' lang='lat'>(</span> <span class='ocrx_word' id='word_1_245' title='bbox 311 1602 379 1648; x_wconf 84' lang='lat' dir='ltr'>m)</span> <span class='ocrx_word' id='word_1_246' title='bbox 403 1602 548 1652; x_wconf 85' lang='lat' dir='ltr'>aliisque</span> <span class='ocrx_word' id='word_1_247' title='bbox 577 1601 754 1640; x_wconf 86' lang='lat' dir='ltr'>Helvetiis</span> <span class='ocrx_word' id='word_1_248' title='bbox 779 1603 992 1638; x_wconf 82' lang='lat' dir='ltr'>anatomicis</span> <span class='ocrx_word' id='word_1_249' title='bbox 1017 1600 1173 1644; x_wconf 64' lang='lat' dir='ltr'>facium,</span> <span class='ocrx_word' id='word_1_250' title='bbox 1220 1613 1296 1650; x_wconf 91' lang='lat' dir='ltr'>quo</span> <span class='ocrx_word' id='word_1_251' title='bbox 1324 1614 1387 1651; x_wconf 91' lang='lat' dir='ltr'>per</span> <span class='ocrx_word' id='word_1_252' title='bbox 1415 1601 1562 1638; x_wconf 58' lang='lat' dir='ltr'>ductum</span> <span class='ocrx_word' id='word_1_253' title='bbox 1596 1600 1823 1638; x_wconf 88' lang='lat' dir='ltr'>thoracicum</span> <span class='ocrx_word' id='word_1_254' title='bbox 1843 1601 1898 1637; x_wconf 83' lang='lat' dir='ltr'>in-</span> 
     </span>
     <span class='ocr_line' id='line_1_25' title="bbox 280 1659 1896 1710; baseline 0.001 -13"><span class='ocrx_word' id='word_1_255' title='bbox 280 1659 384 1699; x_wconf 80' lang='lat' dir='ltr'>flatus</span> <span class='ocrx_word' id='word_1_256' title='bbox 413 1675 471 1700; x_wconf 87' lang='lat' dir='ltr'>aer</span> <span class='ocrx_word' id='word_1_257' title='bbox 496 1662 599 1700; x_wconf 85' lang='lat' dir='ltr'>cordi</span> <span class='ocrx_word' id='word_1_258' title='bbox 627 1663 797 1710; x_wconf 83' lang='lat' dir='ltr'>vigorem</span> <span class='ocrx_word' id='word_1_259' title='bbox 826 1662 863 1698; x_wconf 63' lang='grc' dir='ltr'>ὃς</span> <span class='ocrx_word' id='word_1_260' title='bbox 892 1661 1108 1699; x_wconf 86' lang='lat' dir='ltr'>humoribus</span> <span class='ocrx_word' id='word_1_261' title='bbox 1131 1661 1235 1699; x_wconf 87' lang='lat' dir='ltr'>suum</span> <span class='ocrx_word' id='word_1_262' title='bbox 1258 1669 1404 1699; x_wconf 88' lang='lat' dir='ltr'>motum</span> <span class='ocrx_word' id='word_1_263' title='bbox 1431 1660 1571 1707; x_wconf 82' lang='lat' dir='ltr'>reddit3</span> <span class='ocrx_word' id='word_1_264' title='bbox 1613 1667 1674 1698; x_wconf 80' lang='lat' dir='ltr'>aut</span> <span class='ocrx_word' id='word_1_265' title='bbox 1700 1659 1896 1709; x_wconf 84' lang='lat' dir='ltr'>fimplicius</span> 
     </span>
     <span class='ocr_line' id='line_1_26' title="bbox 281 1719 1896 1772; baseline 0.001 -16"><span class='ocrx_word' id='word_1_266' title='bbox 281 1720 459 1765; x_wconf 80' lang='lat' dir='ltr'>alterum,</span> <span class='ocrx_word' id='word_1_267' title='bbox 494 1734 570 1772; x_wconf 91' lang='lat' dir='ltr'>quo</span> <span class='ocrx_word' id='word_1_268' title='bbox 598 1734 657 1759; x_wconf 87' lang='lat' dir='ltr'>aer</span> <span class='ocrx_word' id='word_1_269' title='bbox 685 1734 749 1771; x_wconf 89' lang='lat' dir='ltr'>per</span> <span class='ocrx_word' id='word_1_270' title='bbox 777 1733 906 1759; x_wconf 91' lang='lat' dir='ltr'>venam</span> <span class='ocrx_word' id='word_1_271' title='bbox 927 1733 1051 1759; x_wconf 87' lang='lat' dir='ltr'>cavam</span> <span class='ocrx_word' id='word_1_272' title='bbox 1085 1722 1140 1757; x_wconf 84' lang='lat' dir='ltr'>(n</span> <span class='ocrx_word' id='word_1_273' title='bbox 1162 1721 1204 1767; x_wconf 88' lang='lat'>),</span> <span class='ocrx_word' id='word_1_274' title='bbox 1243 1722 1377 1759; x_wconf 89' lang='lat' dir='ltr'>eodem</span> <span class='ocrx_word' id='word_1_275' title='bbox 1409 1720 1537 1758; x_wconf 60' lang='lat' dir='ltr'>effeciu</span> <span class='ocrx_word' id='word_1_276' title='bbox 1555 1749 1564 1763; x_wconf 96' lang='lat'>‚</span> <span class='ocrx_word' id='word_1_277' title='bbox 1614 1722 1651 1757; x_wconf 90' lang='lat' dir='ltr'>in</span> <span class='ocrx_word' id='word_1_278' title='bbox 1682 1731 1747 1758; x_wconf 90' lang='lat' dir='ltr'>cor</span> <span class='ocrx_word' id='word_1_279' title='bbox 1775 1719 1896 1769; x_wconf 82' lang='lat' dir='ltr'>pulsus</span> 
     </span>
     <span class='ocr_line' id='line_1_27' title="bbox 279 1778 1894 1830; baseline -0.001 -14"><span class='ocrx_word' id='word_1_280' title='bbox 279 1782 411 1829; x_wconf 87' lang='lat' dir='ltr'>pariter</span> <span class='ocrx_word' id='word_1_281' title='bbox 430 1782 541 1818; x_wconf 81' lang='lat' dir='ltr'>vitam</span> <span class='ocrx_word' id='word_1_282' title='bbox 559 1790 704 1818; x_wconf 88' lang='lat' dir='ltr'>revocat</span> <span class='ocrx_word' id='word_1_283' title='bbox 720 1794 727 1817; x_wconf 91' lang='lat'><strong>:</strong></span> <span class='ocrx_word' id='word_1_284' title='bbox 763 1790 823 1818; x_wconf 89' lang='lat' dir='ltr'>aut</span> <span class='ocrx_word' id='word_1_285' title='bbox 837 1792 1016 1829; x_wconf 88' lang='lat' dir='ltr'>nuperum</span> <span class='ocrx_word' id='word_1_286' title='bbox 1033 1781 1121 1819; x_wconf 86' lang='lat' dir='ltr'>illud</span> <span class='ocrx_word' id='word_1_287' title='bbox 1135 1780 1274 1819; x_wconf 83' lang='lat' dir='ltr'>Bafileae</span> <span class='ocrx_word' id='word_1_288' title='bbox 1286 1781 1415 1818; x_wconf 66' lang='lat' dir='ltr'>fad’tum</span> <span class='ocrx_word' id='word_1_289' title='bbox 1428 1809 1437 1823; x_wconf 86' lang='lat'>‚</span> <span class='ocrx_word' id='word_1_290' title='bbox 1470 1792 1545 1830; x_wconf 91' lang='lat' dir='ltr'>quo</span> <span class='ocrx_word' id='word_1_291' title='bbox 1564 1782 1638 1817; x_wconf 85' lang='lat' dir='ltr'>avis</span> <span class='ocrx_word' id='word_1_292' title='bbox 1660 1778 1836 1817; x_wconf 83' lang='lat' dir='ltr'>submersa</span> <span class='ocrx_word' id='word_1_293' title='bbox 1857 1779 1894 1814; x_wconf 86' lang='lat'>&amp;</span> 
     </span>
     <span class='ocr_line' id='line_1_28' title="bbox 280 1837 1894 1889; baseline -0.002 -12"><span class='ocrx_word' id='word_1_294' title='bbox 280 1848 457 1882; x_wconf 84' lang='lat' dir='ltr'>emortua,</span> <span class='ocrx_word' id='word_1_295' title='bbox 477 1840 688 1889; x_wconf 82' lang='lat' dir='ltr'>deplumato</span> <span class='ocrx_word' id='word_1_296' title='bbox 708 1841 906 1888; x_wconf 81' lang='lat' dir='ltr'>uropygio‚</span> <span class='ocrx_word' id='word_1_297' title='bbox 929 1838 1078 1876; x_wconf 85' lang='lat' dir='ltr'>scintilla</span> <span class='ocrx_word' id='word_1_298' title='bbox 1106 1840 1266 1876; x_wconf 59' lang='lat' dir='ltr'>elec&#39;trica</span> <span class='ocrx_word' id='word_1_299' title='bbox 1283 1839 1381 1880; x_wconf 64' lang='lat' dir='ltr'>taeta,</span> <span class='ocrx_word' id='word_1_300' title='bbox 1403 1852 1422 1875; x_wconf 92' lang='lat' dir='ltr'>a</span> <span class='ocrx_word' id='word_1_301' title='bbox 1441 1837 1598 1875; x_wconf 75' lang='lat' dir='ltr'>succussu</span> <span class='ocrx_word' id='word_1_302' title='bbox 1615 1837 1768 1875; x_wconf 88' lang='lat' dir='ltr'>nervoso</span> <span class='ocrx_word' id='word_1_303' title='bbox 1788 1838 1822 1874; x_wconf 88' lang='lat' dir='ltr'>in</span> <span class='ocrx_word' id='word_1_304' title='bbox 1841 1838 1894 1874; x_wconf 85' lang='lat' dir='ltr'>vi-</span> 
     </span>
     <span class='ocr_line' id='line_1_29' title="bbox 279 1895 1893 1947; baseline -0.001 -12"><span class='ocrx_word' id='word_1_305' title='bbox 279 1905 351 1936; x_wconf 90' lang='lat' dir='ltr'>tam</span> <span class='ocrx_word' id='word_1_306' title='bbox 369 1899 471 1937; x_wconf 86' lang='lat' dir='ltr'>reddi</span> <span class='ocrx_word' id='word_1_307' title='bbox 502 1900 633 1936; x_wconf 88' lang='lat' dir='ltr'>dicitur</span> <span class='ocrx_word' id='word_1_308' title='bbox 645 1926 654 1941; x_wconf 91' lang='lat'>‚</span> <span class='ocrx_word' id='word_1_309' title='bbox 674 1906 734 1935; x_wconf 89' lang='lat' dir='ltr'>aut</span> <span class='ocrx_word' id='word_1_310' title='bbox 746 1898 895 1936; x_wconf 89' lang='lat' dir='ltr'>demum</span> <span class='ocrx_word' id='word_1_311' title='bbox 911 1897 1089 1936; x_wconf 79' lang='lat' dir='ltr'>notiffima</span> <span class='ocrx_word' id='word_1_312' title='bbox 1101 1899 1166 1934; x_wconf 88' lang='lat' dir='ltr'>alia</span> <span class='ocrx_word' id='word_1_313' title='bbox 1178 1926 1186 1939; x_wconf 95' lang='lat'>,</span> <span class='ocrx_word' id='word_1_314' title='bbox 1208 1900 1245 1935; x_wconf 90' lang='lat' dir='ltr'>in</span> <span class='ocrx_word' id='word_1_315' title='bbox 1259 1899 1390 1947; x_wconf 87' lang='lat' dir='ltr'>quibus</span> <span class='ocrx_word' id='word_1_316' title='bbox 1402 1895 1572 1934; x_wconf 74' lang='lat' dir='ltr'>submersi</span> <span class='ocrx_word' id='word_1_317' title='bbox 1587 1898 1754 1934; x_wconf 89' lang='lat' dir='ltr'>homines</span> <span class='ocrx_word' id='word_1_318' title='bbox 1768 1896 1893 1945; x_wconf 86' lang='lat' dir='ltr'>spiritu</span> 
     </span>
     <span class='ocr_line' id='line_1_30' title="bbox 278 1955 1892 2008; baseline -0.002 -12"><span class='ocrx_word' id='word_1_319' title='bbox 278 1958 589 1997; x_wconf 81' lang='lat' dir='ltr'>ammoniacisalis</span> <span class='ocrx_word' id='word_1_320' title='bbox 605 1961 640 1995; x_wconf 86' lang='lat' dir='ltr'>in</span> <span class='ocrx_word' id='word_1_321' title='bbox 656 1970 756 1995; x_wconf 84' lang='lat' dir='ltr'>nares</span> <span class='ocrx_word' id='word_1_322' title='bbox 768 1957 1000 2007; x_wconf 85' lang='lat' dir='ltr'>instillato(0</span> <span class='ocrx_word' id='word_1_323' title='bbox 1015 1956 1040 2005; x_wconf 87' lang='lat'>)‚</span> <span class='ocrx_word' id='word_1_324' title='bbox 1060 1965 1121 1995; x_wconf 83' lang='lat' dir='ltr'>aut</span> <span class='ocrx_word' id='word_1_325' title='bbox 1136 1960 1207 1994; x_wconf 88' lang='lat' dir='ltr'>acri</span> <span class='ocrx_word' id='word_1_326' title='bbox 1220 1957 1369 2008; x_wconf 76' lang='lat' dir='ltr'>clystere</span> <span class='ocrx_word' id='word_1_327' title='bbox 1387 1956 1531 1994; x_wconf 86' lang='lat' dir='ltr'>subdito</span> <span class='ocrx_word' id='word_1_328' title='bbox 1553 1955 1640 2004; x_wconf 80' lang='lat' dir='ltr'>(p),</span> <span class='ocrx_word' id='word_1_329' title='bbox 1666 1964 1726 1994; x_wconf 89' lang='lat' dir='ltr'>aut</span> <span class='ocrx_word' id='word_1_330' title='bbox 1737 1968 1816 1994; x_wconf 86' lang='lat' dir='ltr'>aere</span> <span class='ocrx_word' id='word_1_331' title='bbox 1829 1967 1892 2006; x_wconf 81' lang='lat' dir='ltr'>pet</span> 
     </span>
    </p>
   </div>
   <div class='ocr_carea' id='block_1_7' title="bbox 277 2016 1892 2113">
    <p class='ocr_par' dir='ltr' id='par_1_7' title="bbox 277 2016 1892 2113">
     <span class='ocr_line' id='line_1_31' title="bbox 277 2016 1892 2070; baseline -0.002 -14"><span class='ocrx_word' id='word_1_332' title='bbox 277 2029 318 2057; x_wconf 91' lang='lat' dir='ltr'>os</span> <span class='ocrx_word' id='word_1_333' title='bbox 354 2019 391 2057; x_wconf 88' lang='lat'>&amp;</span> <span class='ocrx_word' id='word_1_334' title='bbox 434 2018 592 2070; x_wconf 82' lang='lat' dir='ltr'>asperam</span> <span class='ocrx_word' id='word_1_335' title='bbox 633 2021 799 2057; x_wconf 87' lang='lat' dir='ltr'>arteriam</span> <span class='ocrx_word' id='word_1_336' title='bbox 838 2017 962 2056; x_wconf 86' lang='lat' dir='ltr'>inflato</span> <span class='ocrx_word' id='word_1_337' title='bbox 987 2017 1003 2065; x_wconf 92' lang='lat'><em>(</em></span> <span class='ocrx_word' id='word_1_338' title='bbox 1017 2025 1065 2067; x_wconf 79' lang='lat' dir='ltr'>q)</span> <span class='ocrx_word' id='word_1_339' title='bbox 1087 2045 1097 2061; x_wconf 91' lang='lat'><em>‚</em></span> <span class='ocrx_word' id='word_1_340' title='bbox 1147 2025 1208 2056; x_wconf 89' lang='lat' dir='ltr'>aut</span> <span class='ocrx_word' id='word_1_341' title='bbox 1240 2029 1465 2068; x_wconf 88' lang='lat' dir='ltr'>quocunque</span> <span class='ocrx_word' id='word_1_342' title='bbox 1502 2016 1653 2055; x_wconf 87' lang='lat' dir='ltr'>demum</span> <span class='ocrx_word' id='word_1_343' title='bbox 1694 2016 1892 2055; x_wconf 81' lang='lat' dir='ltr'>vehemen-</span> 
     </span>
     <span class='ocr_line' id='line_1_32' title="bbox 1855 2085 1890 2113; baseline 0 0"><span class='ocrx_word' id='word_1_344' title='bbox 1855 2085 1890 2113; x_wconf 90' lang='lat' dir='ltr'>te</span> 
     </span>
    </p>
   </div>
   <div class='ocr_carea' id='block_1_8' title="bbox 318 2195 1696 2438">
    <p class='ocr_par' dir='ltr' id='par_1_8' title="bbox 321 2195 659 2231">
     <span class='ocr_line' id='line_1_33' title="bbox 321 2195 659 2231; baseline 0.009 -8"><span class='ocrx_word' id='word_1_345' title='bbox 321 2195 331 2229; x_wconf 97' lang='lat'>(</span> <span class='ocrx_word' id='word_1_346' title='bbox 355 2197 365 2223; x_wconf 85' lang='lat' dir='ltr'>l</span> <span class='ocrx_word' id='word_1_347' title='bbox 418 2195 508 2226; x_wconf 85' lang='lat' dir='ltr'>L.11.</span> <span class='ocrx_word' id='word_1_348' title='bbox 592 2199 659 2231; x_wconf 79' lang='lat'>118·</span> 
     </span>
    </p>

    <p class='ocr_par' dir='ltr' id='par_1_9' title="bbox 319 2196 1696 2319">
     <span class='ocr_line' id='line_1_34' title="bbox 319 2196 1696 2276; baseline 0.001 -12"><span class='ocrx_word' id='word_1_349' title='bbox 319 2196 591 2271; x_wconf 53' lang='lat' dir='ltr'>(›11?Se6t.Vpn.</span> <span class='ocrx_word' id='word_1_350' title='bbox 618 2248 645 2273; x_wconf 87' lang='lat'>4.</span> <span class='ocrx_word' id='word_1_351' title='bbox 671 2238 697 2268; x_wconf 69' lang='grc' dir='ltr'>ἀ</span> <span class='ocrx_word' id='word_1_352' title='bbox 713 2236 818 2267; x_wconf 78' lang='lat' dir='ltr'>Second</span> <span class='ocrx_word' id='word_1_353' title='bbox 842 2235 982 2268; x_wconf 79' lang='lat' dir='ltr'>Memoir.</span> <span class='ocrx_word' id='word_1_354' title='bbox 991 2230 1046 2274; x_wconf 80' lang='lat' dir='ltr'>sur</span> <span class='ocrx_word' id='word_1_355' title='bbox 1069 2235 1105 2265; x_wconf 70' lang='lat' dir='ltr'>les</span> <span class='ocrx_word' id='word_1_356' title='bbox 1127 2242 1203 2273; x_wconf 77' lang='lat' dir='ltr'>part.</span> <span class='ocrx_word' id='word_1_357' title='bbox 1233 2236 1311 2268; x_wconf 77' lang='lat' dir='ltr'>irrit.</span> <span class='ocrx_word' id='word_1_358' title='bbox 1339 2233 1379 2273; x_wconf 59' lang='grc' dir='ltr'>ἓξ</span> <span class='ocrx_word' id='word_1_359' title='bbox 1393 2232 1496 2276; x_wconf 70' lang='lat' dir='ltr'><em>finstb</em></span> <span class='ocrx_word' id='word_1_360' title='bbox 1522 2235 1595 2273; x_wconf 67' lang='lat' dir='ltr'>Exp.</span> <span class='ocrx_word' id='word_1_361' title='bbox 1627 2240 1696 2273; x_wconf 75' lang='lat'>473</span> 
     </span>
     <span class='ocr_line' id='line_1_35' title="bbox 319 2276 1150 2319; baseline 0.004 -14"><span class='ocrx_word' id='word_1_362' title='bbox 319 2278 397 2312; x_wconf 59' lang='lat' dir='ltr'>(n)</span> <span class='ocrx_word' id='word_1_363' title='bbox 418 2280 487 2315; x_wconf 73' lang='lat' dir='ltr'>Exp.</span> <span class='ocrx_word' id='word_1_364' title='bbox 512 2285 580 2316; x_wconf 76' lang='lat'>478.</span> <span class='ocrx_word' id='word_1_365' title='bbox 602 2280 656 2309; x_wconf 56' lang='lat' dir='ltr'>&amp;cz</span> <span class='ocrx_word' id='word_1_366' title='bbox 686 2285 745 2310; x_wconf 88' lang='lat' dir='ltr'>not.</span> <span class='ocrx_word' id='word_1_367' title='bbox 765 2288 788 2310; x_wconf 77' lang='lat' dir='ltr'>c.</span> <span class='ocrx_word' id='word_1_368' title='bbox 815 2288 843 2318; x_wconf 82' lang='lat' dir='ltr'>p.</span> <span class='ocrx_word' id='word_1_369' title='bbox 867 2284 934 2319; x_wconf 79' lang='lat'>389</span> <span class='ocrx_word' id='word_1_370' title='bbox 964 2277 1051 2316; x_wconf 80' lang='lat' dir='ltr'>ejusd.</span> <span class='ocrx_word' id='word_1_371' title='bbox 1076 2276 1150 2310; x_wconf 82' lang='lat' dir='ltr'>libri.</span> 
     </span>
    </p>

    <p class='ocr_par' dir='ltr' id='par_1_10' title="bbox 318 2319 675 2358">
     <span class='ocr_line' id='line_1_36' title="bbox 318 2319 675 2358; baseline 0.012 -12"><span class='ocrx_word' id='word_1_372' title='bbox 318 2319 330 2352; x_wconf 82' lang='lat'>(</span> <span class='ocrx_word' id='word_1_373' title='bbox 352 2327 366 2346; x_wconf 92' lang='grc' dir='ltr'><strong><em>ο</em></strong></span> <span class='ocrx_word' id='word_1_374' title='bbox 384 2319 397 2354; x_wconf 87' lang='grc'>)</span> <span class='ocrx_word' id='word_1_375' title='bbox 418 2319 493 2348; x_wconf 70' lang='grc' dir='ltr'><strong>δεέὶ.</strong></span> <span class='ocrx_word' id='word_1_376' title='bbox 519 2319 550 2349; x_wconf 90' lang='lat' dir='ltr'>V.</span> <span class='ocrx_word' id='word_1_377' title='bbox 572 2330 601 2350; x_wconf 90' lang='lat' dir='ltr'>n.</span> <span class='ocrx_word' id='word_1_378' title='bbox 628 2328 675 2358; x_wconf 81' lang='lat'>17.</span> 
     </span>
    </p>

    <p class='ocr_par' dir='ltr' id='par_1_11' title="bbox 319 2358 493 2394">
     <span class='ocr_line' id='line_1_37' title="bbox 319 2358 493 2394; baseline 0 -6"><span class='ocrx_word' id='word_1_379' title='bbox 319 2360 328 2391; x_wconf 58' lang='grc' dir='ltr'>ί</span> <span class='ocrx_word' id='word_1_380' title='bbox 347 2366 364 2394; x_wconf 81' lang='lat' dir='ltr'>p</span> <span class='ocrx_word' id='word_1_381' title='bbox 382 2360 393 2393; x_wconf 93' lang='lat'>)</span> <span class='ocrx_word' id='word_1_382' title='bbox 420 2358 493 2390; x_wconf 81' lang='lat' dir='ltr'>lbid.</span> 
     </span>
    </p>

    <p class='ocr_par' dir='ltr' id='par_1_12' title="bbox 318 2397 488 2438">
     <span class='ocr_line' id='line_1_38' title="bbox 318 2397 488 2438; baseline -0.013 -7"><span class='ocrx_word' id='word_1_383' title='bbox 318 2402 327 2431; x_wconf 63' lang='lat' dir='ltr'>i</span> <span class='ocrx_word' id='word_1_384' title='bbox 346 2401 393 2438; x_wconf 82' lang='lat' dir='ltr'>q)</span> <span class='ocrx_word' id='word_1_385' title='bbox 415 2397 488 2431; x_wconf 67' lang='lat' dir='ltr'>lbra.</span> 
     </span>
    </p>
   </div>
  </div>
 </body>
</html>
