2003 2748
297 140 318 177 g
501 127 624 191 'Lm
660 125 688 169 Ῐ.
742 123 924 170 CORP.
960 122 1121 171 HUM.
1155 121 1541 171 ELEMEN'TA.
1586 122 1714 170 Fibra?

292 229 488 279 adparent,
519 235 560 266 ut
586 228 623 264 in
645 227 720 264 latis
743 226 810 264 illis
834 225 1026 276 sincipitis,
1056 226 1206 269 frontis,
1237 227 1273 264 8(
1298 228 1462 276 occipitis
1483 225 1636 270 Ossibus,
1670 229 1706 265 &
1733 227 1906 278 parallelae

291 289 380 332 fibi,
416 290 576 336 rimaque
599 286 711 335 longe
740 286 909 323 distinctae
935 316 944 329 ‚
984 288 1069 335 juga
1093 284 1299 336 interposita
1320 285 1491 324 efficiunt.
1537 286 1580 324 In
1600 287 1809 327 balenarum
1827 290 1906 327 bar.

291 349 344 385 bis
370 350 499 397 pariter
518 346 692 394 insignes,
730 346 766 383 &
793 345 981 383 manifesto
1005 358 1051 383 ex
1080 345 1255 383 fasciculis
1286 346 1337 383 sui
1363 345 1533 385 similium
1560 347 1769 397 compofitce
1785 377 1793 391 ,
1830 361 1906 386 cer..

291 415 435 445 nuntur.
485 406 527 443 In
558 406 766 443 tendinibus
793 405 928 442 eaedem
945 434 954 448 ‚
991 406 1027 442 8(
1056 404 1261 454 ligamentis
1284 434 1292 448 ‚
1330 406 1365 443 &
1393 406 1482 444 dura
1512 407 1720 456 membrana
1742 409 1902 453 cerebri,

292 468 328 503 &
351 467 435 503 alibi
458 465 639 503 manifesta
663 465 743 504 sunt
765 465 872 502 mole.
910 463 951 502 In
969 465 1135 502 cellulosa
1159 465 1248 508 tela,
1279 476 1388 515 quam
1413 467 1590 505 continuo
1611 467 1795 509 dicemus,
1820 479 1906 506 cum

289 526 431 571 laminis
464 525 665 563 miscentur.
729 525 771 563 In
800 524 1068 574 cartilaginibus
1103 526 1256 568 breves,
1292 524 1471 576 denseque
1506 525 1637 575 stipatae
1662 528 1736 574 (r)
1764 527 1905 565 ostendi

289 584 444 635 possunt.
498 583 681 624 Omnium
712 586 945 628 communis,
981 597 1090 634 quam
1117 583 1215 622 nunc
1238 584 1381 627 dicam,
1415 592 1541 623 natura
1559 585 1617 622 est.

349 644 494 683 Elastica
521 645 595 686 est,
627 645 661 681 8(
691 643 780 683 flexa
809 643 915 682 resilit
940 643 1026 681 fibra
1048 672 1056 686 ‚
1086 638 1262 694 ⁸suamque
1292 645 1505 682 brevitatem
1539 651 1735 694 recuperat.
1788 644 1905 684 Etiam

289 705 328 741 in
351 703 482 742 ossibus
510 703 584 741 haec
613 711 736 740 natura
762 704 850 746 fuit,
887 704 923 740 &
947 703 1020 740 sere
1046 703 1201 752 superest
1217 733 1225 746 ‚
1259 702 1284 740 fi
1310 703 1448 741 subtilia
1475 703 1533 741 fila
1558 703 1779 753 separaveris,
1826 705 1904 743 Ple-

288 776 408 813 raeque
432 765 471 800 in
493 762 766 812 longitudinem
781 792 790 805 ,
825 762 850 800 fi
873 762 969 800 lenta
998 764 1050 800 vis
1073 763 1204 806 fuerit,
1237 763 1270 800 se
1297 763 1444 800 extendi
1469 764 1654 812 patiuntur
1671 792 1680 806 ‚
1717 776 1795 801 non
1819 765 1904 802 ideo

289 822 467 861 cessaturae
502 822 535 860 se
570 823 752 860 restituere
778 851 787 865 ‚
823 821 848 858 fi
882 821 1063 860 dimiseris.
1126 822 1264 860 Contra
1293 822 1380 860 fibra
1413 835 1491 860 non
1520 823 1569 860 est
1595 823 1773 861 irritabilis
1795 853 1805 867 ,
1835 823 1859 861 fi
1885 837 1905 862 a

288 883 490 921 musculosa
508 882 669 925 >discedas
696 883 780 930 (s).
830 880 974 931 Nempe
996 894 1218 932 quocunque
1238 882 1354 920 modo
1379 883 1466 920 tasta
1489 883 1525 919 8(
1548 883 1700 926 irritata,
1735 884 1825 921 dum
1849 885 1905 921 in-

288 949 389 991 tegra
415 943 464 980 est
486 971 495 984 ‚
530 943 675 979 brevior
700 942 852 978 minime
877 941 1048 979 redditur.
1109 941 1240 991 Neque
1273 943 1371 979 enim
1398 942 1595 991 stygiarum
1624 954 1798 991 aquarum
1827 944 1903 980 vim
1951 933 1955 938 ⁵

287 1015 356 1052 pro
376 1002 586 1039 declaranda
613 1001 709 1039 fibrae
737 1008 861 1040 natura
880 1001 1125 1043 admittimus,
1161 1000 1324 1049 ignisve3
1358 1013 1398 1037 ea
1418 1002 1516 1038 enim
1538 1001 1704 1038 immanis
1730 1002 1904 1039 violentia

287 1063 414 1111 utique
429 1061 532 1098 fibras
548 1061 716 1098 animales
734 1073 882 1103 omnes,
916 1061 1023 1098 etiam
1048 1060 1188 1098 dudum
1207 1062 1389 1097 exanimes
1401 1089 1409 1102 ,
1430 1060 1554 1109 crispat
1572 1061 1607 1097 &
1624 1061 1805 1099 contrahit
1819 1061 1836 1109 <
1849 1062 1898 1108 t).

288 1120 462 1159 Insenfilis
487 1121 615 1170 sponte
643 1121 738 1167 (u),
774 1120 845 1158 sola
873 1132 1072 1158 nervorum
1099 1119 1293 1160 accessione
1318 1119 1456 1158 sensum
1483 1118 1649 1157 admittit.
1698 1119 1834 1159 Eadem
1858 1132 1903 1158 ex

289 1188 413 1218 natura
437 1179 495 1218 sua
515 1180 702 1227 exsanguis
731 1180 766 1217 Sc
795 1179 905 1219 solida
934 1180 1019 1227 (x)
1049 1178 1152 1217 nullo
1183 1179 1334 1216 artificio
1360 1187 1420 1217 aut
1445 1179 1575 1228 repleri
1603 1180 1746 1228 potest,
1776 1187 1836 1217 aut
1864 1181 1902 1217 in

290 1252 330 1279 ea
356 1252 460 1277 cavea
478 1240 594 1288 aliqua
619 1238 768 1276 ostendi.
818 1238 985 1282 Pondus,
1021 1251 1130 1288 quam
1155 1251 1254 1288 aquae
1270 1267 1279 1281 ‚
1313 1238 1423 1287 paulo
1450 1240 1564 1285 majus
1594 1240 1642 1276 est
1663 1268 1672 1282 ,
1709 1247 1749 1277 ut
1772 1251 1902 1277 omnes

289 1307 406 1348 partes
429 1299 547 1336 solidae
574 1300 738 1348 corporis
771 1297 930 1335 animalis
947 1327 956 1341 ‚
992 1297 1056 1336 nisi
1081 1299 1373 1347 computruerint
1393 1327 1403 1341 ,
1442 1297 1571 1349 sponte
1595 1298 1658 1337 sub
1682 1310 1813 1349 aquam
1842 1298 1902 1336 de«

290 1358 468 1396 scendunt.
522 1357 634 1397 Albus
660 1357 764 1395 color
791 1359 949 1394 maxime
975 1359 1013 1395 in
1038 1357 1125 1396 fibra
1154 1359 1338 1407 reperitur.

349 1417 513 1455 Secunda
535 1417 630 1455 fibrae
647 1417 800 1466 species,
828 1416 960 1453 lamina
982 1416 1047 1464 est,
1083 1429 1162 1467 quae
1182 1429 1267 1454 cum
1289 1416 1434 1454 modica
1460 1417 1692 1465 longitudine
1712 1417 1789 1454 satis
1813 1417 1902 1455 c'on‹

289 1478 448 1527 spicuam
474 1476 700 1514 latitudinem
727 1476 842 1513 habet.
894 1474 948 1513 Eo
974 1484 1095 1514 autem
1122 1478 1273 1514 nomine
1302 1489 1379 1513 non
1400 1475 1528 1514 osslum
1547 1475 1771 1525 amplissimas
1800 1477 1902 1514 lami-

289 1549 352 1575 nas
371 1536 458 1574 volo
475 1564 484 1578 ,
518 1535 576 1572 sed
595 1534 770 1573 cellulosae
793 1535 1010 1572 membranae
1035 1534 1120 1572 folia
1136 1564 1145 1577 ‚
1179 1534 1349 1584 fimplicra
1374 1547 1434 1578 ea,
1469 1542 1531 1572 aut
1551 1542 1647 1572 certe
1674 1537 1712 1572 in
1741 1536 1900 1574 minores

290 1596 439 1632 laminas
464 1606 542 1630 non
569 1593 793 1634 resolubilia,
825 1599 905 1629 tum
929 1593 1064 1642 septula
1090 1595 1253 1642 corporis
1270 1595 1373 1630 vitrei
1400 1595 1438 1629 in
1463 1594 1593 1635 oculo,
1625 1595 1662 1630 &
1687 1591 1751 1631 alia
1776 1595 1814 1631 id
1838 1607 1900 1644 ge=

290 1666 367 1694 nus.
421 1652 577 1696 Omnia,
608 1660 735 1702 praeter
759 1651 1010 1695 latitudinem,
1045 1664 1130 1690 cum
1156 1651 1243 1689 fibra
1271 1653 1482 1690 comm-unia
1509 1652 1651 1690 habent.

550 1827 811 1867 SECTIO
856 1827 915 1866 II.
948 1843 949 1846 ¹
988 1824 1173 1868 TELA
1222 1827 1639 1866 CELLULOSA.

392 1948 434 1990 X
453 1955 610 2000 utroque
635 1961 734 1986 nunc
759 1959 914 1997 genere,
946 1955 1006 1987 aut
1033 1948 1110 1986 solo
1138 1948 1250 1986 altero
1277 1955 1337 1986 aut
1362 1946 1558 1994 conjun&0
1581 1953 1739 1997 utroque
1756 1976 1765 1990 ,
1794 1947 1900 1986 fibra-

398 2022 479 2047 rum
504 2011 540 2047 &
562 2010 774 2046 laminarum
788 2037 797 2051 ,
816 2010 1062 2058 componitur
1078 2007 1286 2057 amplissima
1309 2007 1367 2045 illa
1391 2008 1554 2056 corporis
1575 2006 1723 2044 humani
1750 2009 1895 2056 portio,

287 2079 370 2114 quae
391 2068 542 2118 cellztlofiz
559 2067 626 2106 tela
643 2070 788 2117 nuperis
810 2068 1041 2118 scriptoribus
1063 2068 1201 2105 dicitur.
1238 2066 1379 2104 Alicubi
1400 2065 1497 2103 fibrae
1518 2066 1772 2109 dominantur,
1803 2074 1843 2104 ut
1861 2069 1899 2104 in

288 2125 421 2165 ossium
451 2129 654 2177 longorum
682 2126 912 2165 cellulofitate
938 2127 1064 2166 fibrosa
1088 2157 1097 2172 ‚
1133 2128 1243 2178 inque
1269 2126 1467 2164 macilentis
1495 2127 1632 2175 vaginis
1659 2127 1867 2164 arteriarum
1884 2154 1893 2169 ⁹

1758 2184 1869 2236 qualis
1884 2212 1892 2227 ‚.

332 2292 400 2329 (r)
424 2293 504 2324 Conf.
533 2292 585 2324 viri
605 2292 645 2324 Cl.
668 2292 817 2324 varr,
830 2302 846 2323 R
862 2304 872 2322 1
894 2293 1053 2331 Descriptio
1076 2293 1104 2322 in
1125 2290 1224 2322 Philos.
1242 2290 1339 2322 Trans.
1366 2300 1393 2321 n.
1409 2300 1477 2330 470.

333 2335 393 2371 (s)
416 2333 482 2363 Disl'.
497 2333 553 2373 sur
575 2335 779 2367 t‘lrritabisitr',
805 2345 830 2372 p,
852 2344 897 2370 ςζ.
932 2336 1052 2364 Premier
1076 2335 1167 2365 Mem.

333 2375 345 2407 (
362 2377 401 2411 t)
422 2375 495 2406 Ibid.
519 2375 624 2405 Sec‘lion
650 2385 693 2412 ¹9·
718 2377 823 2406 Secari
849 2377 944 2406 Asem.

334 2416 398 2451 (u)
422 2416 464 2445 De
488 2417 623 2446 Gort‘ru
637 2426 654 2445 R
681 2416 698 2445 l.
716 2427 743 2446 c.
766 2427 794 2455 p.
816 2421 882 2454 267.
916 2412 986 2456 Dzff
1006 2413 1061 2455 fitr
1081 2417 1118 2446 les
1134 2421 1210 2454 part.
1227 2411 1335 2455 ft'ffibl·
1363 2425 1393 2453 p.
1409 2425 1456 2453 42„

334 2456 464 2493 (2³)D12
488 2457 661 2488 Gom-ax
685 2456 703 2486 1.
724 2467 748 2488 c.
