2003 2748
321 108 507 152 sEcT.
546 107 888 149 VcAUSSAE
919 107 1463 148 MOTUSCORDls.
1604 120 1685 157 473

98 212 220 251 thmos
239 208 359 248 cordis
374 208 557 255 legitimos
569 205 792 246 continuari,
825 205 862 240 in
886 204 1016 252 quibus
1033 216 1152 254 neque
1178 211 1304 253 caput,
1333 197 1451 254 neque
1477 205 1684 247 cerebrum,

91 284 211 320 neque
238 279 366 306 nervea
395 267 481 305 fibra
505 273 599 303 certa
622 264 692 303 fide
713 263 953 301 demonstrata
978 263 1069 306 fuit,
1107 270 1148 302 ut
1168 264 1206 301 in
1230 265 1411 302 vermium
1434 263 1688 314 acephalorum

90 343 233 380 genere.

956 430 977 446 r«

243 442 279 483 ἓ.
313 436 350 476 V
369 436 394 474 I.
460 434 548 486 (taae
575 433 676 482 causa
690 432 739 481 sit
758 435 920 482 perennis
954 431 1000 475 εξ
1026 430 1210 483 constantis
1227 433 1265 469 in
1290 433 1389 470 corde
1414 438 1536 471 motus,

153 548 323 595 Sequitur
339 574 348 588 ‚
381 552 421 582 ut
448 544 485 580 in
506 553 585 580 eam
605 541 777 579 latentem
801 539 939 580 causam
965 541 1085 579 cordis
1112 542 1345 591 inquiramus.
1380 539 1542 578 Poscitur
1568 550 1689 581 autem

95 606 275 656 ejusmodi
296 603 395 642 causa
415 631 424 646 ,
466 614 544 651 quae
563 601 688 643 saciat,
732 608 772 638 ut
800 613 864 638 cor
893 602 1008 649 magis
1024 629 1034 643 ,
1071 613 1180 650 quarn
1201 601 1294 639 ullus
1320 601 1408 638 alius
1438 600 1618 638 musculus
1637 602 1689 639 sui

90 673 215 703 motus
237 672 344 701 tenax
372 662 435 699 fit:
462 669 466 672 ’
487 668 527 699 ut
553 660 704 698 alternas
733 662 828 697 vices
853 660 1107 698 contractionis
1134 660 1371 698 &laxationis
1397 661 1602 709 perenniter
1625 660 1689 697 fibi

90 723 322 763 succedentes
371 721 535 759 observet
560 732 567 756 :
623 730 662 757 ut
702 721 741 756 in
780 719 931 761 somno,
990 720 1026 756 ὃς
1054 720 1091 756 in
1111 720 1322 770 apoplexia,
1372 720 1407 756 ὃς
1442 720 1479 756 in
1501 718 1687 756 submersis

91 791 154 821 aut
175 782 397 831 strangulatis
413 808 422 822 ,
463 787 589 828 pergat
614 791 669 815 eas
700 779 794 816 vices
811 779 929 827 sequi,
957 779 1104 827 quando
1122 779 1253 817 animal
1273 779 1415 817 nullum
1433 778 1550 816 sensus
1565 807 1574 821 ,
1607 779 1688 816 nul-

90 843 168 881 lum
191 841 332 879 alterius
360 845 483 876 motus
508 838 716 887 exemplum
736 838 835 879 edit,
876 837 1015 885 aliquot
1045 850 1177 886 nempe
1201 842 1353 879 amorte
1370 845 1561 886 apparente
1574 837 1691 874 horis,'

91 899 224 939 Eadem
239 929 248 943 ‚
286 899 311 936 fi
333 911 411 937 eam
435 897 611 935 detexeris
630 926 639 940 ‚
676 896 777 935 causa
812 895 952 933 videtur
979 897 1086 933 etiam
1110 896 1306 935 revelatura
1323 925 1332 939 ,
1371 908 1479 946 quare
1500 896 1590 934 adeo
1615 907 1690 944 mag

88 972 161 1011 gna
193 961 334 998 ratione
365 958 533 997 omnium
553 957 708 994 aliorum
740 955 991 994 musculorum
1021 956 1096 992 vim
1122 967 1187 994 cor
1208 955 1358 1006 superet.

586 1070 618 1111 §-
654 1064 766 1104 VII.
835 1064 891 1102 An
915 1066 1007 1112 ignis
1035 1066 1189 1102 innatus.

148 1178 270 1215 Unico
297 1177 410 1214 verbo
431 1183 622 1224 tangemus
647 1175 866 1224 antiquatam
896 1175 1110 1223 opinionem
1126 1202 1136 1217 ‚
1171 1175 1297 1223 ignem
1330 1175 1366 1211 in
1387 1173 1498 1212 corde
1524 1169 1688 1213 innatum

89 1236 239 1275 residere
265 1236 371 1284 (h):
409 1234 621 1272 invisibilem
651 1233 819 1283 equidem
835 1261 845 1275 ‚
882 1244 966 1270 cum
993 1236 1111 1271 tenuis
1134 1233 1253 1271 lucula
1276 1240 1401 1282 aperto
1429 1233 1580 1270 animale
1601 1245 1690 1271 con-

87 1298 196 1334 tinuo
224 1296 470 1343 exstinguatur
494 1294 580 1341 (i).
617 1292 673 1330 Ab
703 1305 748 1331 eo
779 1294 864 1341 igne
899 1292 1064 1335 aiebant,
1114 1292 1296 1342 sanguinis
1324 1304 1370 1330 ex
1395 1292 1520 1330 dextra
1550 1295 1690 1330 auricu„

89 1355 169 1397 cula
180 1357 218 1392 in
235 1353 479 1392 ventriculum
502 1351 613 1401 illapsi
635 1352 814 1400 guttulam
839 1351 993 1388 rarefieri
1022 1353 1076 1399 (lc
1094 1348 1110 1400 )
1131 1381 1140 1394 ,
1177 1359 1218 1390 ut
1237 1352 1370 1402 spumae
1388 1351 1526 1394 modo,
1551 1352 1596 1389 de
1621 1351 1690 1389 fer«

89 1414 173 1452 vida
197 1426 288 1463 aqua
313 1413 541 1451 exuberantis
556 1440 565 1455 ‚
600 1413 638 1448 in
666 1418 825 1460 apertam
852 1412 1016 1448 arteriam
1040 1410 1159 1449 effluat
1179 1424 1186 1447 z
1221 1413 1268 1449 ita
1289 1413 1326 1448 in
1346 1423 1410 1448 cor
1434 1412 1539 1448 inane
1563 1410 1688 1448 secun-

89 1474 173 1511 dam
195 1472 376 1522 guttulam
409 1471 589 1520 sanguinis
611 1468 733 1514 illabi,
768 1471 804 1507 δε
827 1471 958 1519 pariter
983 1470 1211 1507 effervescere
1226 1498 1235 1513 ‚
1268 1471 1304 1508 &
1320 1469 1482 1512 dilatari,
1520 1479 1625 1518 atque
1643 1481 1687 1507 eo

90 1532 206 1570 modo
224 1533 267 1569 ab
290 1534 375 1580 igne
388 1532 536 1573 innato,
567 1531 602 1567 ὃς
630 1542 648 1567 a
673 1529 867 1578 sanguine,
898 1529 1017 1567 cordis
1046 1536 1190 1568 motum
1209 1529 1310 1567 nasci.
1347 1528 1452 1566 Hanc
1472 1528 1689 1578 hypothesin

89 1592 216 1629 caloris
243 1598 368 1629 natura
389 1590 540 1632 refutat,
579 1590 641 1638 qui
661 1589 785 1627 frustra
809 1588 927 1626 cordis
951 1588 1080 1638 hospes
1101 1589 1207 1626 nullis
1232 1588 1424 1625 limittibus
1451 1587 1588 1625 includi
1608 1587 1689 1636 pos-

88 1651 162 1693 set,
199 1652 286 1699 quin
311 1652 350 1687 in
374 1651 552 1687 ambitum
584 1648 731 1686 diffusus
762 1647 1014 1685 evanesceret:
1052 1649 1087 1684 Sc
1118 1648 1298 1696 sanguinis
1332 1659 1377 1684 ex
1404 1647 1514 1684 corde
1546 1648 1691 1689 exitus,'

90 1711 152 1758 qui
172 1709 357 1746 contrasto
382 1708 492 1745 corde
511 1707 573 1748 fit,
611 1707 699 1744 dum
722 1706 895 1744 aretiffimi
920 1706 999 1743 sunt
1018 1707 1207 1745 ventriculi
1219 1719 1230 1753 3
1261 1707 1296 1744 &
1315 1706 1535 1755 frigidorum
1555 1707 1688 1743 anima-

89 1769 180 1807 lium
203 1769 321 1805 vivida
360 1767 502 1805 corcula
518 1794 528 1809 ,
567 1766 603 1802 &
629 1766 702 1803 aliae
728 1765 878 1803 abundae
909 1768 1074 1802 rationes.

147 1827 279 1875 Neque
304 1826 326 1863 S
342 1838 365 1863 Y
382 1838 402 1862 L
419 1838 442 1863 v
459 1838 471 1861 1
487 1837 500 1862 1
529 1824 706 1862 theoriam
733 1824 895 1874 pluribus
915 1824 1117 1862 refellemus
1137 1851 1148 1869 ,
1182 1824 1265 1861 clari
1299 1825 1389 1865 viri,
1430 1825 1537 1860 nimis
1567 1824 1690 1862 autem'

90 1886 183 1923 soliti
199 1887 242 1921 ab
273 1884 535 1921 effervescentia
559 1895 687 1920 omnes
711 1882 919 1919 animalium
950 1890 1073 1920 motus
1101 1883 1289 1919 deducere.
1339 1881 1437 1929 Ergo
1469 1894 1488 1919 a
1514 1882 1686 1930 sanguine

90 1945 230 1982 vetusto
246 1972 255 1985 ,
289 1943 460 1991 indigena
477 1970 487 1984 ‚
532 1940 759 1978 alcalescente
776 1969 785 1983 ‚
823 1940 858 1976 &
883 1940 986 1977 acido
1009 1940 1116 1990 chylo
1132 1969 1141 1986 ‚
1175 1940 1345 1989 acidaque
1365 1940 1513 1990 lympha
1538 1945 1690 1990 pancre·'

89 2005 155 2041 atis
180 2003 360 2040 servorem
389 2003 426 2038 in
444 2000 554 2038 corde
567 2001 712 2037 excitari
743 1998 795 2046 (l
810 1999 826 2044 >
859 1998 1005 2042 docuit,
1033 2011 1111 2049 quae
1133 1999 1231 2037 causa
1257 2007 1379 2038 motus
1409 2001 1446 2036 in
1465 1999 1686 2038 nobiliffimo

93 2069 233 2111 organ'o
258 2062 361 2099 foret.
395 2059 536 2098 Verum
560 2058 699 2096 dudum
715 2087 725 2101 ‚
761 2059 796 2096 &
819 2057 891 2095 fuse
910 2057 977 2095 hos
1002 2059 1160 2097 fervores
1186 2059 1353 2098 refutavit
1376 2057 1687 2097 Pnfficssm-oiz

1621 2131 1686 2168 op-

133 2201 452 2240 (h)H11›1²ocR.
477 2201 510 2229 de
530 2200 614 2229 diaeta
633 2199 664 2230 L.
693 2198 712 2229 Ῐ.

132 2244 146 2301 5
173 2243 207 2280 ”)
229 2243 309 2272 Em.
333 2243 436 2279 Apolog
461 2250 488 2277 p.
513 2249 572 2278 ²04

135 2364 148 2400 (

237 2284 258 2312 C
273 2293 292 2311 A
307 2292 324 2311 a
340 2292 360 2311 τ
373 2293 389 2311 ε
404 2293 414 2311 ς
442 2280 602 2318 deformat.
616 2280 667 2317 fet.
692 2291 718 2319 p.
748 2285 814 2317 236·
841 2284 872 2311 de
895 2283 1006 2311 [maine
1026 2292 1049 2312 c.
1076 2291 1100 2320 ς.
1127 2282 1170 2312 ed.
1195 2282 1213 2313 S
1226 2290 1307 2312 cun
1319 2292 1340 2311 Y
1353 2292 1379 2310 L.
1405 2280 1427 2311 E
1441 2291 1460 2310 N
1475 2290 1504 2312 τ.
1527 2281 1627 2319 apolog.
1654 2288 1684 2318 p:

134 2303 146 2353 'x
198 2285 213 2350 .)
234 2325 335 2360 Regius
359 2322 1036 2360 CRAANBN.DART1GURLONGUE
1064 2324 1212 2363 apograph.
1235 2333 1262 2362 p.
1285 2332 1332 2361 47.
1358 2324 1412 2353 ἃς,

169 2365 213 2399 I)
236 2363 303 2392 Diffi
329 2362 404 2392 Vlll.
430 2372 456 2392 n.
482 2366 528 2397 63.
547 2361 604 2391 diff.
632 2363 672 2393 X.
694 2372 720 2392 n.
751 2370 793 2400 58.

184 2407 308 2446 Huller
340 2405 527 2455 Phyfiolog.
562 2405 670 2445 Tom.
703 2405 730 2446 L
1273 2405 1309 2444 O
1324 2418 1346 2446 ο
1362 2418 1384 2451 ,ει
