2003 2748
331 157 411 193 ⁶80
849 145 1418 188 LIB.IV.COR.'

331 175 348 196 9

324 258 408 284 nam
424 243 458 282 se
490 243 661 285 inseruit,
697 247 738 281 ut
768 245 923 281 omnino
950 250 1050 282 aorta
1081 243 1217 282 circulo
1235 242 1370 281 venoso
1402 243 1658 281 contineretur.
1693 241 1780 281 Haec
1810 242 1920 284 etiam'

322 304 626 354 venapotestpro
644 301 1763 351 finuaV1EussEN1o(n)&LANC1s1o(o)habita
1784 302 1908 347 fuiffe,

323 365 361 401 &
386 365 515 400 certIus
546 362 688 399 videtur
707 363 735 398 is
760 359 826 398 effe
856 362 1039 400 circularis
1054 361 1177 410 finus,
1213 374 1324 411 quem
1349 361 1489 410 aliquot
1516 362 1597 411 post
1628 362 1764 399 nostras
1794 361 1912 399 obser-

320 424 481 460 vationes
496 422 596 458 annis
616 420 677 469 (p)
692 449 700 463 ‚
721 433 843 458 aurem
863 422 1028 471 ampleffi
1047 420 1180 470 scripsit
1195 420 1367 469 Josephzos
1387 419 1595 458 LOEUTAUD
1608 422 1625 469 <
1640 433 1661 468 q
1676 421 1702 466 ).
1725 419 1914 458 Circulum

319 493 407 520 vero
435 483 526 518 circa
555 479 760 518 universum
795 493 858 517 cor
882 480 1057 518 venosum
1076 480 1293 529 perficiunt,
1330 480 1477 529 quando
1506 480 1581 517 haec
1608 480 1757 529 quidem
1782 479 1914 518 fabrica

319 541 485 583 obtinet,
521 551 611 577 vena
629 540 815 577 coronaria
831 551 983 588 magna:
1021 552 1110 577 vena
1130 539 1295 581 occulta,
1330 551 1439 588 quam
1459 539 1575 576 modo
1607 539 1706 576 dixi:
1741 550 1832 575 vena
1850 550 1913 575 co-

317 601 498 638 ronanam
528 611 699 647 magnam
728 600 958 648 conjungens
991 611 1076 636 cum
1108 599 1232 636 dextra
1264 598 1430 636 auriculae
1458 610 1573 640 vena,
1607 607 1668 635 aut
1696 609 1781 635 cum
1807 598 1915 635 inno-

316 662 477 701 minata,
513 670 592 707 quae
620 670 705 696 cum
740 658 874 696 dextrae
912 659 1006 696 auris
1031 670 1122 695 vena
1154 659 1418 705 conjungitur:
1454 669 1543 694 vena
1570 657 1702 694 dextrae
1734 656 1908 694 auriculae.

316 717 389 755 Sed
420 718 495 755 haec
523 717 631 755 fufius
665 716 814 766 exposui
841 717 953 768 (r),
989 729 1067 754 non
1095 716 1172 754 satis
1200 716 1421 759 constantia,
1451 722 1493 753 ut
1511 717 1549 753 in
1581 715 1679 753 hunc
1695 715 1828 753 librum
1856 725 1914 753 to-

314 784 349 815 ta
375 777 574 815 describere
603 775 722 813 velim.

373 836 507 879 Aliud,
543 837 735 885 frequens,
770 835 933 874 osculum
951 836 1128 874 venosum
1158 836 1240 882 (s)
1278 836 1477 885 reperitur,
1513 834 1609 872 haud
1630 834 1742 882 longe
1775 845 1794 871 a
1827 832 1913 872 fossa

314 896 434 938 omli,
470 895 641 944 idemque
678 895 888 943 sanguinem
922 907 940 932 a
985 907 1074 933 vena
1111 895 1280 938 revehit,
1326 907 1405 943 quae
1441 906 1565 932 aurem
1599 893 1789 942 finumque
1825 892 1912 930 dex-

312 962 411 994 trum
440 954 522 992 adit.
569 954 646 991 Alia
676 953 801 991 similia
830 954 957 992 ostiola
987 954 1136 997 venosa,
1171 953 1215 990 ad
1245 953 1434 992 trunculos
1468 953 1684 1002 conspicuos
1718 952 1907 995 ducentia,

310 1013 435 1063 paffim
455 1017 494 1051 in
521 1013 597 1051 finu
625 1014 661 1050 δε
685 1015 722 1050 in
745 1025 828 1051 aure
852 1013 976 1050 dextra
1000 1015 1209 1062 aperiuntur
1232 1013 1325 1060 (ωε
1377 1013 1437 1050 sed
1463 1014 1570 1049 etiam
1593 1014 1631 1049 in
1655 1024 1743 1049 vena
1768 1023 1852 1048 cava
1876 1023 1912 1049 a-

310 1075 405 1122 perti
437 1073 555 1110 ostioli
592 1071 938 1109 Vreussr-:Nrus
969 1071 1048 1122 (u)
1080 1073 1272 1115 meminit,
1306 1072 1410 1121 quod
1438 1072 1483 1109 ab
1511 1080 1610 1109 aorta
1644 1072 1679 1108 &
1711 1082 1801 1108 vena
1830 1069 1911 1120 pul-

310 1132 450 1170 monali
471 1132 681 1180 sanguinem
703 1132 896 1170 reduxerit.

370 1191 517 1229 Deinde
535 1192 642 1228 etiam
671 1192 708 1228 in
739 1190 877 1228 sinistro
905 1188 983 1228 finu
1018 1190 1183 1228 foramen
1215 1188 1392 1228 venosum
1428 1189 1531 1239 supra
1566 1189 1697 1227 ostium
1733 1187 1910 1226 venosum

310 1250 458 1294 cordis,
494 1252 530 1287 δε
563 1249 659 1287 aliud
690 1249 791 1298 supra
829 1249 991 1287 medium
1022 1250 1185 1287 foramen
1222 1249 1325 1287 ovale
1357 1250 1502 1297 reperi,
1539 1250 1575 1285 &
1608 1247 1815 1286 osculorum
1849 1259 1909 1284 ve-

309 1309 494 1348 nosorurn
527 1311 565 1346 in
597 1320 727 1345 venam
759 1308 1008 1357 pulmonalem
1041 1310 1242 1357 patentium
1276 1307 1371 1356 apud
1404 1307 1772 1345 VIEusserfflum
1808 1317 1909 1344 men-

310 1370 364 1407 tio
378 1368 556 1419 fit(x),
591 1369 628 1406 &
659 1367 836 1416 ejusmodi
866 1366 1009 1406 finuum
1037 1367 1133 1416 apud
1172 1365 1345 1404 Caecilium
1362 1365 1485 1404 FOL1
1502 1378 1578 1403 υΜ.

752 1479 787 1522 ᾗ.
822 1474 865 1514 Χ
880 1475 922 1514 X
936 1475 977 1514 X
996 1474 1031 1513 V
1047 1475 1063 1513 Ι
1082 1474 1108 1513 Ι.
1177 1475 1219 1513 V
1214 1487 1282 1512 enae
1297 1475 1457 1512 minimae.

365 1585 410 1625 Et
440 1587 485 1625 de
517 1587 573 1624 his
598 1587 747 1637 quidem
785 1585 925 1625 venulis
961 1583 1058 1623 nulla
1092 1585 1209 1634 potest
1242 1582 1487 1622 controversia
1516 1582 1618 1620 nasci.
1654 1581 1746 1620 Non
1779 1582 1827 1619 ita
1852 1593 1907 1620 re-

304 1644 410 1695 scepta
440 1646 519 1685 sunt
548 1646 613 1684 alia
645 1637 794 1683 minima
810 1675 819 1688 ,
855 1658 918 1695 per
945 1654 1141 1694 utrumque
1158 1644 1275 1681 finum
1298 1645 1333 1680 &
1351 1650 1548 1691 utrumque
1566 1641 1809 1679 ventriculum
1841 1641 1908 1678 dis.

306 1703 425 1754 persa,
465 1717 638 1743 venarum
670 1705 796 1744 ostiola
814 1733 823 1747 ‚
859 1717 938 1754 quae
959 1705 1109 1753 quidem
1137 1704 1180 1740 ad
1198 1704 1338 1753 aliquos
1358 1702 1518 1739 ramosos
1546 1708 1696 1739 truncos
1723 1708 1784 1738 aut
1812 1712 1906 1749 aegre

306 1763 460 1806 referas,
496 1772 556 1802 aut
591 1766 745 1801 omnino
777 1764 908 1801 referre
940 1776 1016 1801 non
1048 1762 1179 1812 poffi5,
1215 1771 1385 1800 caeterum
1418 1762 1538 1798 videas
1568 1773 1714 1803 aerem,
1750 1771 1902 1807 aquam,

304 1831 499 1870 argentum
524 1824 647 1860 vivum
665 1824 703 1858 in
729 1835 836 1859 venas
862 1823 981 1859 cordis
997 1850 1006 1863 ‚
1042 1830 1103 1858 aut
1129 1824 1166 1857 in
1190 1823 1331 1857 arterias
1355 1819 1536 1868 inpulsum
1562 1821 1735 1856 emittere.
1771 1816 1904 1853 Inven-

307 1888 366 1918 tor
389 1881 644 1920 V1eussEN
662 1893 672 1917 1
690 1893 740 1917 us
777 1881 868 1928 (y)
891 1880 939 1933 est
957 1905 966 1921 ‚
1001 1880 1038 1916 &
1067 1879 1164 1916 causa
1181 1880 1329 1930 ‘inventi
1361 1876 1568 1927 hypothesis
1597 1877 1672 1914 fuit.
1708 1875 1904 1921 Quaerebat

304 1941 361 1979 vir
389 1940 451 1979 cel.
487 1941 707 1978 fermentum
727 1968 736 1982 ,
772 1938 874 1988 quod
914 1938 1017 1976 dotes
1051 1938 1248 1988 peculiares
1276 1937 1409 1986 aliquas
1439 1936 1604 1985 sanguini
1625 1937 1663 1973 in
1695 1935 1903 1973 ventriculis

1783 1993 1904 2031 cordis

416 2056 429 2093 )
454 2057 526 2086 Tab.
559 2066 585 2092 4.
611 2055 630 2086 f.
655 2064 678 2086 ι.
716 2055 773 2084 tab.
806 2064 850 2084 ιο.
878 2053 896 2084 s.
933 2063 959 2084 2.

419 2098 432 2133 )
457 2098 528 2126 Ταῦ.
555 2107 578 2132 ς.

419 2139 431 2173 )
454 2135 664 2174 Οωὲνυαιὶοηες
686 2137 793 2165 iterata
804 2145 879 2164 anno
906 2144 1002 2174 1739,
1027 2133 1179 2172 specimina
1197 2131 1308 2173 Jofiphi
1330 2133 1510 2164 Laurum
1538 2142 1583 2165 an.
1607 2140 1694 2171 174²·
1722 2130 1901 2169 prodierunt.

419 2179 432 2213 3
456 2176 548 2219 Effiys
568 2178 724 2216 anatomiq.
743 2187 770 2214 p.
798 2186 865 2214 235.

417 2219 460 2247 xl
495 2228 519 2248 e.

451 2242 700 2288 &mussans
725 2258 782 2287 tab.
811 2266 855 2288 12.
883 2258 901 2287 f.
930 2267 955 2286 1.
986 2257 1018 2288 L.

447 2298 529 2329 Talia
554 2300 639 2329 habet
664 2298 915 2329 Vinussaus
940 2299 998 2327 tab.
1034 2307 1076 2328 ιο.
1102 2297 1121 2329 f.
1154 2305 1178 2327 1.
1200 2298 1258 2328 tab.
1294 2305 1339 2328 ιι.
1363 2296 1382 2327 f.
1411 2306 1436 2327 1.
1464 2296 1492 2326 δε
1513 2305 1542 2334 p.
1567 2304 1616 2334 47.
1646 2293 1902 2325 Lmezsxus

417 2261 429 2293 )

415 2300 427 2335 )

419 2381 432 2417 )
455 2389 492 2425 p.¹
514 2388 559 2415 32.

417 2422 428 2458 )
451 2419 523 2449 lbid⁴
556 2422 583 2450 &
607 2431 634 2458 p.
667 2430 711 2456 ςῐ.
737 2422 883 2450 Nouvelles
907 2421 1084 2450 decouvertes
1094 2417 1150 2459 sur
1184 2421 1206 2449 le
1230 2429 1303 2448 coeur
1328 2429 1355 2456 p.
1389 2423 1436 2452 18.

414 2463 426 2499 )
450 2462 534 2492 Anno
559 2460 647 2500 1706.
671 2462 701 2494 in
718 2463 855 2496 nouvelles
874 2463 1048 2496 decouvertes
1057 2459 1112 2500 sur
1134 2463 1156 2491 le
1165 2470 1240 2492 coeur
1252 2483 1260 2499 ‚
1287 2459 1392 2492 deinde
1409 2460 1439 2491 in
1460 2457 1549 2491 traiee'
1561 2458 1601 2490 du
1623 2467 1706 2490 coeur.
1724 2465 1748 2488 a,
1768 2461 1857 2494 1711,

699 2526 721 2540 Ο
