2003 2748
445 151 638 191 SECT.
688 150 796 191 III.
860 148 1349 190 LYMPHATICA.
1615 160 1693 195 179

102 251 171 289 dus
185 251 335 301 scriptor
349 248 502 287 deduxit
528 243 612 296 [z]
629 277 639 291 ‚
673 249 710 287 &
734 247 821 297 ipsas
842 259 951 284 venas
974 245 1098 283 lacteas
1125 257 1219 283 cavce
1252 255 1350 282 venae
1377 244 1412 280 &
1437 249 1624 292 portarum
1645 245 1699 280 in-

105 311 172 352 seri
201 311 323 348 aue‘mr
347 309 443 352 fuit,
467 310 545 357 qui
562 310 654 346 inter
681 309 818 357 primos
845 308 1037 343 circuitum
1066 306 1246 354 sanguinis
1271 315 1335 353 per
1364 303 1608 352 experimenta
1638 303 1700 339 de-

105 370 220 407 fendit
244 367 362 419 [a]
414 407 416 411 ,
1569 406 1584 410 ..

106 445 112 455 ⁷
168 429 296 477 Aliqua
323 428 398 465 vasa
422 426 596 475 diaphana
615 427 734 468 uteii,
769 432 829 462 aut
857 432 953 461 certe
982 436 1000 461 a
1031 423 1109 460 latis
1138 389 1342 471 ligamentis
1371 428 1476 463 nata,
1523 422 1560 458 in
1581 422 1699 471 hypo-

104 488 296 536 gastricam
312 498 439 523 venam
465 485 687 522 WEPFERUS
715 483 813 536 [ln]
838 483 1043 532 persecutus
1062 483 1120 518 est.
1157 480 1370 519 Lumbalem
1385 493 1471 517 vaen
1467 493 1513 516 m
1528 493 1591 529 per
1608 481 1700 530 lym-

105 546 250 595 phatica
281 544 355 581 vasa
381 556 539 593 nuperus
560 543 743 592 professor
771 543 922 592 replevit
945 539 1066 591 [h]‚
1109 541 1143 577 Sc
1170 542 1207 576 in
1226 540 1358 577 lumbis
1385 539 1600 589 lymphatica
1625 540 1701 578 vasa

107 607 145 641 in
178 615 301 641 cavam
325 615 452 640 venam
475 604 510 639 &
532 615 631 640 venae
654 602 724 639 fine
747 604 822 651 pari
843 610 981 651 partem
997 629 1007 643 ,
1039 612 1117 648 quae
1137 599 1200 637 sub
1225 599 1417 636 transverso
1433 598 1532 647 septo
1549 599 1597 635 est
1611 627 1620 641 ,
1649 591 1702 635 in-

107 663 172 700 seri
188 691 197 705 ‚
231 661 452 710 gravissimus
475 661 570 699 testis
596 662 646 699 est
678 660 900 699 Abrahamus
929 659 994 699 ΚΑ
1009 671 1078 696 AW
1108 658 1154 705 [c
1169 660 1195 707 ].
1232 657 1272 695 In
1285 669 1438 707 azygam
1462 657 1588 695 inserta.
1611 658 1700 695 vidit

107 721 161 760 cl.
200 720 569 759 HEBENSTREIT
604 721 700 769 [d].

168 780 266 817 Inter
289 780 436 818 dudum
451 779 677 817 thoracicum
694 779 871 829 venasque
891 778 1026 816 renales
1046 779 1080 815 &
1100 778 1273 816 lumbales
1292 776 1501 815 consensum
1520 777 1674 827 aliquem
1686 778 1701 820 ,ᾖ

112 840 149 877 ἃ
172 839 338 890 occultos
355 868 364 882 ‚
406 851 525 888 neque
551 838 710 877 ostensos
729 867 739 881 ,
775 839 1087 876 communicantes
1118 837 1244 875 dustus
1271 838 1401 886 prioris
1430 835 1537 873 seculi
1560 836 1702 884 prosec-

102 906 207 936 ,tores
240 898 333 936 Galli
351 898 608 948 descripserunt
645 896 763 946 [e],
800 909 957 947 cumque
982 909 1073 933 vena
1101 895 1173 933 fine
1203 897 1279 946 pari
1308 895 1498 943 conjun&a
1518 894 1595 931 vasa
1612 895 1703 944 lym=2

112 958 256 1006 phatica
282 969 398 1007 nuper
428 956 459 1007 J.
491 957 646 995 Adamas
661 956 695 996 K
710 969 730 994 u
745 969 765 993 L
778 969 807 993 M
822 969 840 993 u
856 970 870 994 s
887 985 896 999 ‚
930 953 1011 1005 (f)
1046 968 1154 1004 quem
1172 956 1252 992 alias
1270 955 1465 992 audiemus

172 1016 326 1054 Nullu'm
355 1016 606 1053 testimonium
621 1015 855 1058 diffimukavi,
871 1027 990 1064 neque
1011 1026 1087 1052 non
1108 1026 1263 1052 moveor
1286 1026 1422 1062 magno
1435 1013 1704 1062 praecipuorum

110 1077 276 1114 virorum
303 1074 485 1113 consensu.
522 1075 593 1112 Sed
618 1074 692 1112 aliae
720 1075 756 1111 &
778 1074 855 1111 satis
876 1086 1002 1122 graves
1022 1075 1179 1111 rationes
1202 1074 1282 1110 sunt
1297 1102 1307 1116 ‚
1343 1085 1422 1122 quae
1442 1072 1532 1108 mihi
1555 1072 1627 1109 hoc
1646 1080 1703 1109 to«

102 1142 192 1172 >tum
215 1134 518 1183 lymphaticarum
545 1145 720 1171 venarum
746 1146 831 1171 cum
856 1134 973 1170 rubriS
1001 1136 1266 1170 commercium
1293 1132 1446 1170 dubium
1479 1131 1637 1168 reddunt
1666 1132 1703 1168 Sc

103 1192 318 1241 suspectum.
355 1191 520 1241 Expendi
537 1221 546 1235 ,
584 1204 694 1241 quam
716 1193 850 1229 vicinas
866 1204 973 1228 venas
988 1193 1111 1228 rubras
1128 1191 1345 1242 lymphatica
1361 1191 1573 1228 lumborum
1587 1219 1597 1233 ‚
1628 1190 1704 1239 pel-

109 1253 164 1288 vis
180 1279 189 1293 ,
225 1251 444 1300 testiumque
473 1250 547 1288 vasa
566 1251 741 1293 habeant,
786 1263 896 1300 quam
920 1258 1106 1288 remotum
1128 1250 1212 1290 inde
1227 1250 1352 1288 duetus
1378 1249 1552 1286 thoracici
1580 1250 1618 1285 in
1643 1261 1704 1286 ve-³

110 1322 197 1347 nam
221 1309 437 1348 subclaviam
460 1309 633 1348 finistram
652 1312 806 1360 patentis
828 1310 960 1348 ostium
985 1309 1048 1346 fit:
1082 1311 1118 1346 ὃς
1140 1309 1362 1351 existimavi,
1396 1309 1529 1345 mirum
1547 1309 1704 1345 omnino

109 1369 257 1406 Naturae
286 1367 475 1407 confilium
498 1370 576 1407 fore
592 1398 602 1412 ,
639 1382 703 1419 per
723 1369 936 1406 immensam
957 1369 1228 1418 longitudinem
1256 1381 1334 1407 eam
1361 1365 1546 1418 lympham
1569 1366 1704 1405 sursum

111 1428 279 1466 ducentis
294 1456 304 1470 ‚
333 1428 358 1465 fi
382 1430 537 1466 omnino
551 1441 628 1466 non
648 1430 870 1468 contrarium
895 1428 944 1465 est
965 1429 1040 1475 ejus
1062 1436 1123 1466 aut
1146 1430 1241 1465 mori
1259 1456 1268 1470 ‚
1306 1433 1365 1465 aut
1385 1426 1525 1475 legibus
1542 1455 1550 1469 ,
1582 1429 1618 1463 in
1643 1439 1705 1463 ve-

110 1499 173 1523 nas
203 1488 325 1530 rubras
352 1488 592 1537 lymphaticos
615 1488 741 1525 dustus
765 1489 970 1524 immittere.
1006 1487 1076 1524 Sed
1097 1489 1203 1524 etiam
1229 1493 1329 1524 certo
1355 1486 1431 1523 satis
1454 1487 1562 1527 novi,
1598 1486 1705 1537 hepa-

111 1547 156 1582 tis
181 1545 256 1582 vasa
282 1545 500 1595 lymphatica
521 1546 612 1583 adeo
644 1546 857 1588 numerosa,
894 1558 1013 1595 neque
1038 1558 1131 1583 cavae
1152 1557 1252 1582 venae
1284 1545 1370 1592 [g]
1390 1573 1399 1587 ,
1437 1556 1556 1593 neque
1577 1544 1627 1581 illi
1651 1546 1705 1581 in*

112 1605 234 1646 mitti,
269 1616 349 1652 quae
372 1605 416 1641 ad
441 1612 562 1654 portas
588 1605 714 1642 tendit.
749 1605 952 1642 Ramorum
976 1606 1082 1642 etiam
1109 1603 1415 1653 lymphaticorum
1431 1631 1441 1644 ,
1482 1610 1577 1640 certa
1605 1602 1675 1640 fide
1691 1631 1701 1646 ,

104 1674 160 1699 ex
182 1663 354 1707 omnibus
375 1665 539 1713 corporis
567 1664 728 1701 animalis
753 1664 912 1713 partibus
944 1665 981 1700 in
1004 1671 1155 1702 truncos
1182 1662 1308 1700 senfim
1337 1663 1491 1710 majores
1508 1691 1517 1705 ‚
1555 1662 1640 1700 hinc
1667 1664 1706 1700 in

116 1721 265 1761 duffiim
291 1722 516 1760 thoracicum
545 1723 757 1765 confluxus,
794 1723 1016 1760 manifestam
1047 1725 1139 1760 inter
1168 1735 1254 1760 eum
1284 1722 1431 1759 dunum
1451 1749 1461 1764 ,
1510 1733 1706 1771 cavamque

115 1793 248 1818 venam
278 1780 550 1820 similitudinem
577 1783 773 1820 constituit.
816 1782 931 1820 Porro
952 1783 996 1819 ad
1017 1781 1164 1820 Naturae
1190 1781 1415 1819 constantem
1440 1781 1642 1829 analogiam
1672 1793 1707 1818 a«

116 1841 261 1878 nimum
281 1841 456 1885 adhibui,
493 1853 572 1891 quae
596 1842 772 1892 nusquam
801 1844 968 1880 minimas
984 1870 994 1885 ,
1030 1843 1138 1879 etiam
1165 1842 1290 1879 rubras
1317 1840 1484 1883 venulas,
1531 1842 1568 1876 in
1593 1841 1708 1876 maxi-

1620 1910 1702 1935 mOS

153 2002 166 2038 (
189 2014 205 2032 z
224 2004 238 2040 )
265 2005 438 2034 *Mauricius
456 2016 475 2035 v
508 2007 532 2035 R
547 2016 560 2035 ε
574 2017 593 2035 ν
607 2017 622 2036 a
637 2017 653 2036 r<
670 2016 692 2036 n
706 2017 724 2036 o
739 2016 755 2036 R
770 2016 781 2035 s
797 2016 817 2035 T
844 2008 877 2036 de
895 2008 1078 2036 circulatione
1099 2008 1163 2036 histis
1185 2015 1212 2034 n.
1242 2014 1277 2039 19
1310 2003 1381 2033 Tab.
1405 2003 1425 2033 Ι4
1445 2002 1462 2032 f.
1493 2012 1516 2033 ῐ.

155 2044 167 2079 (
192 2055 210 2072 a
229 2044 241 2080 )
264 2044 289 2079 J.
317 2044 358 2073 W
372 2055 390 2073 1
406 2056 422 2074 L
435 2055 450 2074 r.
462 2056 480 2075 u
497 2056 509 2076 s
537 2047 613 2084 apud
640 2047 658 2076 B
676 2057 694 2076 A
708 2058 726 2076 r.
739 2056 757 2075 T
774 2056 825 2076 no
839 2058 855 2076 L
868 2057 875 2075 ι
889 2056 910 2076 N
927 2057 945 2076 υ
960 2058 982 2077 M
1009 2058 1036 2086 p.
1061 2054 1120 2086 789
1151 2047 1224 2077 Eum
1243 2044 1385 2082 exscripsit
1410 2044 1577 2075 Alcxmzder
1598 2043 1630 2075 Μ
1644 2054 1661 2073 Λ
1679 2053 1709 2074 ι]23

124 2093 143 2115 3
159 2095 176 2114 o
190 2093 236 2113 co
251 2094 266 2113 R
284 2095 302 2113 n
315 2095 334 2113 A
347 2093 366 2112 τ
383 2095 402 2114 u
420 2096 432 2116 s
455 2087 487 2115 de
504 2087 589 2125 (fficio
602 2089 771 2124 pulmonum
797 2097 911 2125 p.112.

159 2125 170 2159 (
192 2126 234 2153 h*
253 2125 285 2194 )C
290 2126 325 2154 In
347 2126 439 2156 dubiis
459 2130 628 2156 anatomicis
648 2138 677 2165 p.
711 2129 994 2165 100,de«11p01lexia
1017 2138 1044 2166 p.
1064 2136 1128 2165 350.

159 2166 175 2242 ((
191 2166 208 2195 h
227 2166 282 2242 ἔῃ
263 2165 414 2203 Cfimirus
436 2167 645 2206 chrstophorus
663 2169 680 2200 S
696 2179 713 2198 c
726 2178 745 2198 Η
760 2179 783 2198 M
798 2180 807 2198 1
819 2180 833 2198 E
846 2180 864 2198 D
878 2179 894 2199 ῑ
910 2180 925 2197 L
954 2178 1048 2207 progr.
1072 2170 1104 2197 de
1117 2167 1185 2205 vcfis
1206 2168 1341 2206 bntphat.
1369 2166 1459 2204 lepat.

191 2216 205 2235 c
315 2209 384 2245 ⁶33

159 2246 171 2283 (
189 2248 208 2275 d
224 2247 235 2283 )
260 2247 353 2284 progr.
375 2250 408 2277 de
431 2249 592 2287 medicfiino
605 2251 713 2290 postico.

161 2287 206 2323 (e
230 2288 242 2323 )
265 2287 287 2316 G
306 2298 324 2316 Α
343 2300 364 2319 r
382 2300 399 2318 A
414 2298 435 2318 N
450 2299 470 2319 T
498 2292 525 2321 δι
554 2291 625 2322 Przc
640 2301 754 2328 quar
780 2293 916 2323 Dlenmir.
943 2293 975 2321 de
996 2292 1113 2322 l'.Acnd
1136 2288 1296 2329 desscienc.
1329 2295 1417 2322 avant
1437 2292 1523 2328 1699.
1551 2289 1585 2320 T.
1611 2290 1649 2320 X.
1671 2301 1696 2328 p.

114 2331 164 2365 63·
183 2332 251 2364 464-
276 2338 339 2364 503
356 2331 405 2360 δι’
399 2340 426 2359 m
442 2331 540 2362 Claud.
564 2331 582 2362 P
598 2343 612 2362 Ε
629 2342 645 2362 R
662 2343 678 2362 x
698 2343 718 2363 A
731 2343 753 2362 u
765 2344 782 2362 L
796 2343 816 2362 T
837 2330 933 2373 Εῌιῃε
954 2333 987 2361 de
1000 2332 1148 2372 phffique‚
1168 2331 1282 2392 ejusque
1294 2329 1418 2370 diffisur
1431 2341 1487 2361 une
1496 2332 1616 2360 nouzelle
1630 2331 1712 2370 injer-

107 2370 174 2400 tion
190 2369 230 2397 du
245 2378 277 2397 ca
279 2371 332 2398 nul
351 2371 541 2411 thoruchique.

157 2408 171 2443 (
190 2408 215 2446 f
226 2411 239 2446 )
267 2409 298 2438 ln
318 2414 467 2444 Breslauer
480 2413 651 2453 fizmlzmgen
675 2414 756 2446 XVI.
789 2413 908 2454 Verfi«·h
939 2425 968 2453 p.
996 2424 1067 2454 432·
1206 2439 1209 2440 ν

153 2450 169 2483 ζ
191 2451 241 2488 g)
265 2448 432 2484 Confiimor
455 2454 477 2485 C
492 2467 510 2485 A
526 2465 539 2485 s
555 2465 570 2485 e
587 2466 602 2485 a
619 2467 633 2486 Β
650 2466 701 2487 on
714 2467 757 2487 ur
773 2467 782 2486 1
808 2457 974 2491 testimoniis
995 2462 1024 2489 in
1049 2454 1219 2495 pefihtmis,
1245 2466 1312 2495 quas
1327 2454 1456 2493 possideo
1469 2453 1543 2495 she
1547 2455 1589 2487 l(

1232 2501 1266 2538 Z
1329 2511 1349 2538 2

1136 2549 1140 2566 l
