2003 2748
340 194 420 232 196
621 182 747 226 LIB.
796 183 893 224 III.
959 179 1304 225 CIRCUITUS
1347 183 1725 228 SRNGumffla

339 296 392 331 go
419 282 599 325 ostendit,
643 281 782 320 nullam
805 283 843 318 in
872 281 955 319 vivo
985 280 1140 319 animale
1163 283 1326 320 arteriam
1349 284 1486 331 aperire
1511 281 1633 331 posse,
1670 284 1759 332 quin
1790 280 1934 336 sanguis

337 355 406 391 pro
412 342 520 383 linat,
566 342 600 378 &
623 343 660 379 in
677 341 814 378 sinistro
835 342 954 379 cordis
974 341 1177 379 ventriculo
1191 341 1397 391 plurimum
1424 341 1609 390 sanguinis
1632 344 1782 402 reperiri
1809 347 1926 396 (g).

335 404 371 437 in
398 412 472 450 quo
503 400 643 441 nullum
674 400 741 438 effe
771 400 797 438 E
814 415 833 438 a
850 414 869 440 A
883 413 897 438 s
912 413 923 437 1
939 413 990 438 sT
1008 413 1101 442 RAT
1117 413 1138 437 υ
1156 414 1170 438 s
1197 401 1378 439 docuerat.

382 459 603 508 Repoiuerat
616 459 716 497 IDEM
730 462 830 508 (ἐξῆ)
852 472 962 509 quem
981 460 1096 498 modo
1112 462 1395 503 nominavimus,
1418 460 1541 498 auctor
1554 463 1591 498 in
1606 462 1712 498 tantis
1722 461 1843 500 miseri
1854 464 1932 507 ani-2v

336 518 437 555 malis
451 520 681 562 torminibus,
699 519 786 558 dum
800 521 890 561 cutis
903 519 1111 561 detrahitur,
1131 519 1341 568 sanguinem
1358 532 1403 556 ex
1420 522 1598 569 proximis
1615 522 1716 557 venis
1735 521 1778 558 ad
1797 522 1930 560 vulnus

335 579 368 613 8(
386 580 421 614 in
439 580 580 616 arterias
602 578 786 616 confluere
802 607 811 622 ,
849 591 913 628 per
932 578 1008 617 suas
1023 608 1032 621 ,
1064 591 1151 628 quas
1178 581 1357 616 continuo
1384 580 1547 617 dicemus
1567 609 1576 623 ‚
1614 580 1865 618 anastomoses.

391 637 528 675 ,lterum
547 640 798 689 experimento
815 638 908 678 hanc
927 638 1216 685 adfirmationem
1248 638 1414 675 refutavit
1443 637 1511 676 GA
1529 651 1550 677 L
1561 651 1583 683 ¹E
1601 650 1625 675 N
1640 651 1662 682 u
1684 651 1708 676 s.
1745 639 1842 681 Nam
1874 643 1928 677 ar-'

333 698 430 734 teriae
458 698 628 746 utrinque
648 698 765 746 ligatae
784 726 793 740 ,
833 706 875 749 ut
902 697 1046 737 aliunde
1071 696 1214 748 sanguis
1238 698 1392 747 irrepere
1414 689 1593 750 nequeat,
1635 704 1760 745 ,tamen
1785 699 1926 748 sangui-

332 768 416 792 nem
445 759 636 794 continent
666 758 721 804 (h
737 757 763 803 ).
1024 752 1027 753 ⁷
1176 750 1178 752 V
1302 755 1305 759 ’
1474 753 1476 755 ’

322 843 332 850 .
386 814 538 853 Deinde
561 815 633 865 ipsa
649 816 841 865 rapiditas,
875 828 946 865 qua
963 814 1110 864 sanguis
1132 828 1177 854 ex
1202 815 1308 853 incisa
1331 816 1459 854 arteria
1486 816 1686 865 erumpit,
1707 817 1829 855 multo
1852 818 1927 856 nia-l

330 876 387 921 jor
417 888 455 912 ea
480 873 671 913 velocitate
689 876 736 913 est
757 878 773 922 <
789 877 802 911 i
820 874 864 920 ),
902 887 971 929 qua
992 874 1132 923 sanguis
1160 887 1223 924 per
1244 887 1352 912 venas
1375 882 1511 935 apertas
1530 875 1664 918 effluit,
1689 888 1815 926 neque
1831 876 1922 914 adeo

331 946 350 970 a
378 934 551 973 confluvu
577 937 715 972 cruoris
745 934 914 983 explicari
943 934 1082 983 potest,
1126 936 1189 983 qui
1212 946 1258 972 ex
1284 936 1384 972 venis
1413 936 1450 972 in
1475 935 1616 976 arterias
1648 937 1776 974 veniat.
1812 934 1855 974 Et
1882 937 1923 973 in

330 995 420 1031 vivis
446 991 689 1036 animalibus,
735 995 772 1030 in
802 993 1042 1035 inesenteric),
1078 993 1176 1031 nulla
1194 1001 1301 1043 parte
1336 993 1436 1035 laesa,
1483 994 1591 1035 nimis
1613 993 1715 1031 facile
1749 993 1821 1037 est,
1861 1000 1923 1032 aut

329 1054 461 1089 inermi
487 1053 620 1095 oculo,
658 1060 718 1089 aut
744 1054 843 1089 vitris
887 1053 1061 1089 convexis
1089 1059 1226 1089 armato
1247 1079 1257 1094 ,
1299 1053 1442 1101 quoties
1462 1052 1500 1089 in
1527 1053 1678 1090 minutis
1707 1052 1920 1091 animalibus

328 1114 470 1150 arterias
497 1112 811 1164 contemplamur,
852 1111 1063 1164 sanguinem
1095 1122 1158 1162 per
1185 1113 1327 1149 arterias
1359 1118 1504 1148 motum
1535 1123 1690 1161 cernere.
1727 1111 1859 1164 Neque
1887 1124 1922 1149 a-

327 1171 412 1208 liam
439 1170 468 1209 E
480 1184 501 1208 n
515 1183 536 1208 A
549 1185 562 1208 s
577 1183 590 1208 1
604 1184 618 1208 s
630 1183 654 1207 T
668 1184 688 1208 R
704 1182 725 1206 A
738 1183 762 1207 T
776 1183 795 1207 Ε
807 1182 837 1207 AE
870 1172 1055 1219 opinionis
1080 1169 1219 1208 causam
1247 1169 1347 1207 fuisse
1383 1169 1626 1213 crediderim,
1670 1179 1798 1220 praeter
1825 1170 1921 1209 albe-

327 1231 451 1268 dinem
462 1232 696 1274 arteriarum,
727 1242 792 1279 per
817 1241 970 1279 quarum
991 1227 1113 1268 crassas
1131 1228 1391 1279 cellulosasque
1405 1230 1637 1267 membranas
1653 1242 1730 1267 non
1745 1222 1914 1281 perinde,

326 1292 419 1327 utin
442 1292 539 1327 venis
565 1288 848 1337 solet,san0u1s
877 1288 1093 1326 translucere
1115 1281 1242 1337 potest.
1291 1287 1368 1326 Nisi
1393 1288 1519 1330 forte,
1565 1288 1624 1325 sed
1653 1288 1725 1326 hoc
1755 1288 1918 1326 subtilius

327 1349 397 1392 est,
441 1350 492 1386 vir
519 1348 597 1386 clar.
626 1351 663 1386 in
689 1348 757 1386 suis
784 1349 952 1386 vivorum
972 1348 1181 1389 animalium
1206 1346 1441 1385 incisionibus
1469 1359 1586 1384 aerem
1606 1348 1643 1385 in
1663 1347 1773 1398 corde
1800 1348 1914 1393 vidit,

325 1410 388 1458 qui
424 1408 592 1457 equidem
625 1410 662 1446 in
689 1409 787 1445 venis
828 1409 942 1456 magis
974 1419 1082 1456 quam
1130 1409 1168 1444 in
1208 1409 1343 1445 arteriis
1389 1407 1536 1456 reperiri
1568 1435 1578 1449 ,
1635 1407 1671 1444 δε
1708 1419 1793 1445 cum
1836 1407 1912 1444 san-

323 1469 436 1516 guine
448 1467 610 1516 reliquo,
640 1467 782 1520 alternis
805 1466 939 1509 anulis,
946 1465 1211 1527 potiffimum
1202 1479 1239 1503 in
1253 1466 1390 1504 cerebri
1405 1467 1504 1503 venis
1526 1465 1686 1515 conspici
1707 1466 1826 1512 solet(
1843 1467 1905 1512 lc).

324 1526 394 1564 Sed
423 1528 460 1564 in
479 1526 590 1565 corde
613 1526 625 1567 (
641 1525 688 1575 l)
711 1518 833 1563 tamen
861 1528 987 1568 etiam,
1018 1538 1103 1571 non
1124 1526 1272 1575 quidem
1292 1527 1406 1574 magis
1422 1527 1459 1562 in
1477 1524 1615 1563 finistro
1635 1537 1742 1575 quam
1758 1527 1803 1563 in
1822 1524 1909 1564 dex-

322 1593 380 1623 tro
407 1585 638 1628 ventriculo,
677 1586 765 1623 aeris
785 1587 897 1635 copia
923 1586 958 1622 &
984 1574 1107 1634 spuma
1126 1585 1316 1633 sanguinea
1335 1597 1422 1623 non
1429 1597 1532 1627 raro,
1567 1586 1724 1622 maxime
1743 1596 1827 1622 vero
1844 1597 1908 1634 per

321 1645 460 1682 aestivos
487 1645 621 1683 calores
649 1646 847 1693 reperitur,
882 1657 959 1689 non
977 1644 1068 1683 <ideo
1093 1640 1237 1682 excluso
1265 1644 1445 1693 sanguine.
1480 1643 1699 1683 Demumin
1716 1645 1833 1686 ranis,
1867 1650 1910 1681 ut:

313 1703 413 1745 ‚solim
435 1706 473 1740 in
497 1704 673 1742 testudine
701 1705 737 1740 &
761 1716 844 1741 rana
866 1703 904 1741 ,R
919 1716 938 1740 E
952 1717 975 1741 D
992 1716 1013 1740 u
1028 1717 1042 1741 s
1074 1704 1093 1752 (
1110 1716 1145 1740 m
1162 1705 1181 1751 )
1211 1704 1248 1741 ὃς
1275 1702 1340 1741 CA
1352 1716 1374 1740 L
1387 1716 1411 1740 D
1426 1715 1445 1740 E
1458 1715 1495 1741 si
1511 1716 1532 1740 u
1546 1716 1560 1740 s
1585 1704 1603 1749 <
1620 1715 1643 1739 u
1659 1703 1679 1751 >
1695 1731 1705 1745 ,
1739 1703 1907 1752 frequen-

320 1763 393 1799 tius
415 1764 556 1811 reperio
572 1764 588 1810 (
604 1755 674 1808 os),
719 1775 835 1809 aereas
860 1760 1081 1813 magnasque
1108 1762 1221 1800 bullas
1252 1775 1316 1812 per
1334 1762 1409 1800 vasa
1425 1790 1435 1805 ,
1479 1762 1650 1812 equidem
1672 1762 1822 1810 perinde
1845 1773 1907 1799 ve-

313 1821 406 1861 nosa
423 1850 431 1864 ‚
461 1820 591 1869 insigni
617 1833 701 1858 cum
728 1821 917 1859 velocitate
944 1822 1177 1859 circumferri.
1215 1822 1318 1859 Nihil
1343 1832 1464 1863 autem
1493 1833 1537 1858 ex
1569 1820 1623 1858 his
1654 1820 1904 1869 phaenomenis

307 1891 388 1929 'pro
414 1879 440 1917 E
453 1893 476 1917 R
492 1892 512 1916 A
527 1893 541 1917 s
560 1892 571 1916 1
587 1892 601 1916 s
614 1892 637 1916 T
651 1893 672 1916 R
685 1891 707 1916 A
722 1892 745 1917 T
763 1892 785 1929 o
813 1880 978 1929 sequitur.
1014 1878 1151 1929 Neque
1171 1882 1268 1917 enim
1299 1893 1356 1917 aer
1390 1882 1427 1916 in
1453 1880 1587 1917 arteriis
1608 1881 1722 1927 magis
1743 1907 1752 1920 ,
1794 1891 1904 1928 quam

319 1941 355 1975 in
386 1941 485 1976 venis
505 1939 744 1987 conspicitur,
779 1940 815 1976 &
841 1951 939 1976 venae
959 1940 1080 1989 potius
1097 1967 1107 1982 ,
1142 1946 1266 1976 contra
1288 1940 1363 1986 ejus
1386 1938 1481 1975 sestae
1503 1938 1700 1980 theoriam,
1732 1937 1903 1986 >frequen-

319 2000 388 2035 tius
408 2010 487 2035 aere
513 2005 661 2046 turgent
678 1997 852 2035 :Deinde
869 2010 927 2035 aer
942 2027 952 2042 ,
980 1998 1106 2047 qui'in
1125 1998 1235 2035 corde
1250 1999 1424 2047 reperitur
1440 2025 1448 2039 ,
1478 1996 1708 2046 putredinem
1730 1997 1901 2045 equidem

308 2056 476 2106 sequitur
492 2085 501 2100 ,
540 2069 699 2106 cumque
728 2059 802 2106 ejus
824 2051 1041 2109 ‘corruptelae
1061 2058 1292 2105 incrementis
1307 2085 1316 2100 ‚
1352 2056 1474 2106 &ipse
1499 2063 1671 2104 augetur,
1697 2067 1820 2106 ,neque
1840 2067 1903 2101 eig-

1216 2135 1217 2138 ’
1848 2122 1901 2156 tra

356 2172 434 2208 (g
426 2198 435 2214 2
460 2179 502 2206 De
524 2176 595 2212 Hipp
597 2184 651 2204 ocr.
680 2174 717 2210 ἔφ’
742 2175 869 2205 Platonis
885 2174 984 2209 decret
1006 2175 1038 2207 L
1064 2174 1085 2206 Ι.
1110 2185 1138 2215 p.
1172 2182 1238 2213 302

355 2223 397 2254 (2
403 2221 440 2255 ⁸¹)
467 2218 546 2249 Num
565 2219 684 2255 Swguis
701 2219 768 2248 &Q
779 2227 803 2246 c.
829 2221 855 2247 6.
882 2225 885 2229 ’

390 2258 605 2295 ³3Aminfflr.
632 2265 710 2288 anat.
738 2259 769 2288 L.
799 2258 859 2288 Vll
885 2267 948 2296 cap
975 2257 1024 2288 ult.

356 2275 363 2327 l
390 2304 428 2337 i)
451 2301 557 2331 Second
580 2300 726 2329 ,Memoire
739 2296 796 2336 fiir
819 2301 842 2328 le
869 2304 1047 2328 manwen-iem
1064 2298 1103 2326 du
1116 2295 1196 2336 fimg
1227 2307 1254 2334 p.
1285 2295 1351 2326 262,
1382 2306 1408 2326 n.
1436 2305 1463 2327 x.

353 2349 360 2369 k
384 2343 432 2377 k)
455 2341 559 2372 Confer
580 2339 680 2370 similia
695 2341 853 2370 testimonia
868 2340 921 2370 Al
916 2341 967 2368 xii
982 2340 1005 2370 L
1022 2351 1031 2369 1
1044 2349 1064 2369 r
1077 2349 1096 2368 T
1109 2349 1131 2370 R
1144 2350 1155 2368 1
1171 2350 1181 2368 1
1197 2338 1302 2378 histoir
1327 2338 1487 2369 delAcad,
1513 2333 1908 2379 Royal.derfiienc.1704;-

354 2382 370 2412 l'.
405 2390 448 2419 ¹7.
472 2382 626 2414 Ilsemoires
654 2381 811 2410 delQAcad
835 2390 917 2423 {7¹4-

353 2426 361 2453 ί
388 2424 430 2454 Ι)
454 2425 576 2454 l’remz'er
606 2423 747 2453 Memoire
771 2431 797 2460 p
822 2431 886 2458 ¹53·

352 2465 367 2497 ζ
380 2465 435 2499 ιι)
460 2466 555 2493 Giom
572 2464 605 2492 de
620 2461 843 2500 letterlatifizpp
848 2473 899 2492 cm.
925 2461 974 2492 ΠΙ
1001 2472 1027 2500 p.

356 2510 361 2532 (
384 2515 404 2531 ι
428 2506 438 2539 )
466 2502 605 2542 Offinaz.
629 2503 805 2533 anatomiche
831 2505 947 2532 intorno
969 2504 1020 2532 alle
1048 2506 1077 2534 Γ
1078 2501 1232 2540 artamgln·
1258 2513 1285 2541 p.
1315 2507 1363 2543 67

351 2546 410 2582 (o,
385 2546 434 2575 ol]
461 2546 566 2578 Second
587 2546 729 2583 Mcmoirp
740 2541 794 2582 sicr
818 2546 861 2584 le
861 2551 1041 2582 mouvcmem
1065 2546 1105 2576 du
1126 2547 1201 2583 Sang
1219 2547 1287 2583 Exp
1320 2556 1345 2585 3.
1362 2549 1391 2583 9.
1410 2550 1475 2583 198.
1503 2546 1594 2582 214.‘l

312 2381 348 2411 0¹0
