2003 2748
347 160 430 197 304
856 140 1421 184 LIB-IVjCOR.¹

344 257 424 296 quae
460 243 550 281 nihil
580 241 625 280 de
657 242 823 291 corporis
852 241 1059 289 integritate
1097 238 1252 278 detrahit
1272 269 1282 284 ,
1333 241 1370 278 &
1407 240 1446 277 in
1481 237 1698 280 validissimis
1725 239 1937 285 hominibus

346 304 400 354 [f
411 307 425 352 ]
458 312 596 352 reperta
625 302 682 339 est.
719 300 804 339 Huc
834 302 1014 351 pertinere
1044 300 1187 339 videtur
1214 300 1356 343 homo,
1399 301 1458 339 cui
1482 313 1598 352 nuper
1628 314 1692 341 cor
1719 301 1783 341 sub
1808 304 1935 346 dextra

341 364 471 414 papilla
497 363 584 399 saliit
611 361 666 409 [g
681 363 706 410 ].

401 422 483 459 Alio
513 421 629 459 modo
644 451 653 465 ‚
697 433 815 470 exque
840 421 978 458 morbis
993 450 1001 463 ,
1027 421 1063 458 &
1087 420 1229 459 funesto
1246 420 1396 470 quidem
1418 427 1548 459 eventu
1568 421 1651 470 [h]
1667 449 1676 464 ,
1705 422 1828 460 cordis
1854 422 1936 472 puL'

340 482 427 520 satio
455 484 492 518 in
513 482 637 519 dextra
656 481 736 518 sede
757 480 910 531 pectoris
936 489 1105 530 percepta
1129 481 1197 518 fuit
1216 508 1225 523 ‚
1259 479 1330 518 five
1359 493 1441 518 vere
1461 492 1527 519 cor
1553 492 1599 518 ex
1624 482 1759 519 morbo
1786 483 1931 532 aliquo,

343 551 384 579 ut
404 553 450 578 ex
475 541 654 579 destru&o
688 538 866 590 pulmone
890 535 959 588 [i]
978 568 987 583 ‚
1027 541 1065 577 in
1095 539 1248 577 alienam
1267 539 1387 577 sedem
1406 542 1640 588 migraverit,
1673 540 1744 579 five
1769 541 1936 591 aneuryss

341 613 400 638 ma
421 610 528 641 aortae
550 596 630 649 [k]
667 600 769 650 pulsu
789 599 854 637 suo
881 599 1118 649 imposuerit,
1150 606 1190 637 ut
1212 611 1277 637 cor
1302 600 1353 637 ibi
1371 598 1438 637 effe
1458 600 1664 638 crederetur
1679 628 1688 643 ‚
1727 602 1790 639 ubi
1810 599 1934 650 pulsus

342 668 424 698 erat.
461 661 512 699 lta
532 668 628 698 certe
655 661 692 697 in
715 672 856 708 nupero
879 659 1051 707 exemplo
1072 658 1105 696 se
1132 658 1281 702 habuit,
1314 660 1353 696 in
1387 671 1463 709 quo
1494 659 1681 697 manifesto
1708 660 1828 709 pulsus
1856 660 1934 697 sen..

340 719 406 757 fim
425 733 444 758 a
469 719 612 757 sinistris
633 719 676 757 ad
694 719 820 756 dextra
848 720 1040 767 migravit,
1077 725 1118 756 ut
1140 720 1233 756 inter
1254 717 1447 756 secundam
1472 719 1508 755 &
1529 720 1670 756 tertiam
1690 720 1825 757 eostam
1843 748 1853 762 ‚
1887 719 1933 757 ad

341 781 458 818 unciae
480 793 499 817 a
520 780 640 818 sterno
665 779 867 817 distantiam
896 779 1150 828 perciperetur.
1193 777 1237 816 In
1261 786 1387 828 aperto
1417 778 1588 816 cadavere
1613 789 1677 816 cor
1707 778 1751 815 ad
1778 791 1933 829 perpena

341 839 504 878 diculum
528 839 685 889 pOfitum
702 867 712 882 ‚
751 838 855 890 quale
881 839 919 876 in
936 839 1050 877 brutis
1067 837 1282 876 animalibus
1304 838 1374 882 est,
1409 844 1517 877 aortae
1538 850 1626 876 vero
1648 838 1856 890 aneurysma
1877 850 1934 885 re-¹

340 906 487 950 pertum
510 899 559 936 est
590 899 668 948 [l].

399 959 483 997 Alio
515 958 632 996 modo
679 970 743 996 cor
771 957 953 995 inversum
978 957 1070 995 vidit
1096 957 1272 1006 josephus
1305 956 1472 1005 Ignatius
1495 956 1564 994 To
1579 970 1601 995 R
1616 969 1708 996 aaz
1723 986 1733 1001 ‚
1775 964 1816 996 ut
1840 951 1933 1008 apex

339 1016 476 1056 sursum
492 1020 584 1056 inter
598 1018 794 1068 pulmones
816 1017 1006 1067 respiceret
1020 1045 1029 1059 ‚
1069 1015 1157 1054 bafis
1175 1017 1338 1054 inferiori
1359 1017 1444 1055 loco
1460 1015 1543 1054 esset
1561 1018 1575 1064 [
1591 1018 1654 1065 m]
1677 1029 1684 1054 :
1718 1017 1789 1055 alio
1804 1046 1814 1061 ,
1846 1030 1934 1067 pro«

340 1078 400 1116 cul
424 1077 538 1115 dubio
564 1077 826 1128 frequentiori,
861 1077 960 1114 idem
978 1076 1093 1114 viscus
1113 1076 1157 1114 ad
1177 1076 1364 1125 septimam
1381 1076 1516 1114 costam
1534 1079 1572 1114 in
1593 1076 1825 1126 diaphragma
1847 1088 1936 1126 pro-1

339 1136 477 1187 lapsum
501 1136 527 1175 P
541 1149 563 1174 A
580 1149 599 1174 c
614 1149 634 1174 c
646 1149 698 1174 HI
715 1149 739 1174 o
752 1149 775 1173 N
791 1148 813 1173 υ
827 1149 842 1174 s
868 1135 927 1187 [n
943 1134 975 1186 ]
1010 1135 1142 1185 Neque
1158 1135 1292 1185 absque
1317 1135 1487 1186 exemplo
1505 1137 1554 1174 est
1570 1165 1579 1179 ,
1610 1138 1741 1186 pariter
1765 1138 1818 1174 uti
1836 1148 1933 1174 non-

339 1209 528 1246 nunquam
560 1196 790 1234 abdominini
822 1195 882 1234 sua
910 1203 1122 1244 tegumenta
1146 1195 1343 1238 deficiunt,
1390 1197 1438 1233 ita
1477 1208 1540 1244 per
1570 1195 1719 1245 aliquod
1751 1197 1933 1245 parietum

338 1256 493 1306 pedioris
513 1256 716 1305 deliquium
737 1267 802 1293 cor
827 1254 969 1292 nudum
1002 1254 1278 1303 pendulumque
1293 1282 1302 1297 ,
1337 1255 1376 1291 in
1396 1255 1530 1292 catellis
1561 1254 1635 1302 [o]
1669 1255 1706 1292 &
1731 1266 1847 1307 nuper
1869 1266 1935 1301 na-z.

338 1317 383 1354 ris
412 1315 625 1354 hominibus
652 1315 756 1363 [p],
807 1312 980 1352 emersisse
1004 1313 1219 1363 nudumque
1243 1315 1562 1363 circumgestatum
1585 1312 1694 1352 fuisse.

719 1427 751 1469 §.
788 1422 834 1461 V.
899 1420 1081 1461 Auriculae
1111 1422 1233 1460 Cordis
1257 1423 1296 1458 in
1328 1420 1544 1471 universum.

393 1534 468 1574 Has
494 1533 591 1585 quasi
619 1534 753 1584 primas
773 1533 883 1570 lineas
910 1532 1066 1570 historiae
1091 1532 1212 1570 cordis
1239 1530 1589 1581 circumscripsimus.
1626 1532 1738 1571 Nunc
1767 1545 1832 1583 per
1861 1533 1936 1573 sm:

334 1595 418 1643 gula
437 1596 521 1633 ituri
546 1596 694 1632 initium
722 1594 766 1630 ab
787 1592 1047 1642 appendicibus
1062 1593 1183 1630 cordis
1194 1592 1397 1634 sumemuS‚
1428 1599 1489 1629 aut
1507 1593 1603 1629 atriis
1618 1620 1627 1635 ,
1653 1604 1732 1642 quae
1749 1594 1793 1630 ab
1813 1595 1935 1643 aliqua.

334 1657 373 1691 in
399 1654 533 1691 dextris
557 1652 790 1691 smiilitudine
809 1651 1052 1691 auricularum
1076 1652 1189 1689 cordis
1212 1652 1364 1689 nomine
1386 1653 1566 1694 veniunt,
1600 1653 1634 1689 ὃς
1661 1664 1821 1701 quorum
1849 1666 1935 1702 pare

327 1712 469 1761 fimmm
505 1715 658 1753 nomine
697 1712 876 1750 nota1est.
942 1710 1035 1750 Non
1073 1711 1204 1763 absque
1237 1711 1360 1764 aliquo
1393 1710 1596 1750 discrimine
1627 1711 1815 1763 scriptores
1848 1724 1934 1750 ana«

1872 1778 1935 1808 to*

359 1894 385 1920 6.
414 1889 560 1926 Johannes
586 1888 616 1918 M
632 1897 646 1918 ε
661 1899 679 1918 R
693 1898 714 1918 γ
740 1887 817 1925 apud
842 1885 880 1916 du
901 1885 957 1916 HA
975 1896 1019 1915 ur
1036 1895 1054 1915 ι
1073 1885 1165 1925 [ustor.
1191 1886 1285 1916 Acad.
1308 1887 1375 1924 Reg.
1391 1882 1493 1926 scient.
1521 1884 1553 1915 1..
1577 1883 1628 1915 111.
1655 1895 1682 1918 c.
1701 1893 1728 1916 2.
1760 1884 1802 1916 Cl.
1822 1885 1931 1922 Dua

370 1941 385 1961 r.
400 1940 419 1958 N
434 1941 452 1960 T
468 1940 517 1960 on
546 1927 710 1969 description
733 1930 774 1958 du
790 1929 901 1957 cabinet
928 1928 968 1955 alu
994 1928 1044 1955 leoz*
1069 1926 1105 1957 T.
1131 1926 1179 1957 ΙΙΙ.
1206 1937 1232 1964 p.
1264 1936 1332 1961 204.

378 1972 389 2006 (
407 1970 430 2008 f
480 1971 616 2001 Latrones
635 1970 773 2005 fuerunt,
802 1978 923 2007 quorum
946 1967 1083 1998 cadavera
1109 1967 1141 1998 Μ
1159 1978 1173 1998 ι
1188 1977 1210 1997 N
1223 1977 1244 1997 'r
1258 1978 1275 1997 Ε
1287 1979 1306 1998 1,
1319 1979 1328 1996 1
1343 1976 1367 1997 u
1380 1977 1392 1996 s
1418 1967 1445 1997 δι
1472 1965 1506 1996 Μ
1520 1976 1534 1995 s
1548 1974 1655 1996 rurus
1684 1966 1884 1998 diffecuerune.

378 2014 390 2049 (
403 2022 421 2050 g
477 2013 544 2051 Eph.
568 2014 636 2043 Nat.
663 2015 728 2041 eur.
757 2014 824 2041 Dec.
844 2009 865 2040 l.
889 2019 969 2039 mm..
999 2008 1034 2038 ll.
1061 2006 1114 2047 υἷι-β
1142 2017 1210 2049 194.
1234 2010 1262 2040 δι
1287 2010 1429 2041 Memoir.
1454 2008 1487 2037 ae
1511 2006 1623 2037 c’Acad.
1649 2008 1696 2037 des
1715 2009 1812 2043 scienc.
1836 2012 1928 2047 1743:

334 2063 362 2092 P·
394 2063 427 2091 35

377 2098 390 2131 <
406 2096 424 2124 h

378 2137 391 2173 (
419 2138 422 2142 '
478 2137 605 2172 Journal
627 2137 673 2163 des
691 2134 798 2173 fimum
827 2137 911 2167 1668.
939 2143 965 2162 n.
997 2142 1020 2170 3.

483 2178 504 2207 L
519 2184 567 2205 As
582 2186 599 2205 c
616 2187 622 2204 1
639 2185 651 2205 s
683 2186 709 2212 p.
742 2185 808 2210 132.
830 2174 985 2205 Funestum
1011 2175 1038 2203 ἅτ
1061 2172 1265 2203 hereditarium
1292 2172 1426 2204 morbum
1449 2171 1513 2202 esse.

477 2218 544 2253 Eph.
571 2219 638 2246 Nat.
668 2219 734 2246 Cur.
763 2217 820 2246 Vol.
849 2215 888 2245 X.
914 2212 970 2247 obs.
1001 2224 1045 2252 39.

480 2256 579 2295 Philas
601 2256 747 2295 Transiicl.
770 2267 798 2287 n.
826 2260 894 2295 461.
921 2256 1079 2287 Memoires
1101 2255 1147 2285 des
1159 2252 1270 2295 fiwans
1290 2252 1433 2293 &trangers
1451 2254 1487 2285 T.
1512 2251 1534 2284 I.
1560 2262 1587 2290 p.
1602 2261 1686 2298 340.

412 2147 421 2164 1

379 2180 394 2214 (
412 2178 429 2206 k

379 2219 391 2253 (
414 2219 425 2245 l

380 2260 430 2295 (m

379 2300 457 2335 (n)
481 2300 559 2335 Opzr.
587 2308 660 2327 omn.
685 2308 713 2336 p.
744 2308 810 2328 212.

379 2342 423 2376 (ο
445 2341 457 2376 )
477 2340 605 2375 Journal
629 2340 674 2367 des
687 2337 796 2377 stivam
824 2343 908 2372 1681.
937 2348 965 2368 n.
990 2346 1035 2376 14.
1457 2368 1461 2372 .

378 2381 423 2417 (p
441 2381 452 2416 )
475 2378 519 2409 Cl.
546 2379 566 2408 B
578 2388 600 2408 u
615 2389 635 2409 τ
652 2389 672 2408 τ
687 2390 705 2407 Ν
721 2391 734 2409 ε
747 2390 767 2409 R
782 2389 804 2409 υ
817 2390 829 2409 s
854 2380 881 2408 in
904 2380 1019 2417 proprio
1043 2379 1140 2410 libello
1161 2389 1176 2409 a
1200 2388 1286 2418 ¹747-
1310 2379 1495 2419 Regiomonti
1513 2380 1602 2411 edito.
1632 2381 1784 2410 Martinus
1807 2379 1870 2411 ΜΛ
1885 2377 1921 2409 a}

338 2430 466 2489 *rsxnaz
493 2421 521 2449 in
528 2420 597 2493 dli?
636 2421 668 2450 de
685 2421 764 2451 corde
781 2418 931 2460 monslrcyb
948 2417 1106 2459 infamata,
1136 2430 1222 2460 quem
1245 2421 1277 2452 in
1307 2421 1344 2454 Π.
1369 2429 1450 2456 tomo
1466 2431 1537 2456 meae
1560 2420 1738 2454 collectionis
1765 2419 1919 2453 anatomia

332 2463 433 2503 ὧραι.
459 2470 524 2494 recu
550 2461 554 2465 ”
579 2460 635 2493 rei.

444 1972 455 2007 )

441 2014 453 2049 )

433 2059 458 2132 6).
476 2095 561 2126 Latus
577 2095 710 2124 dextrum
728 2093 849 2131 peiroris
868 2092 943 2121 feriri
958 2114 966 2127 ‚
984 2091 1127 2122 funestum
1138 2090 1177 2121 est
1196 2091 1332 2122 Rtomu.
1359 2087 1546 2128 animadvers:
1575 2088 1606 2121 in
1628 2089 1659 2120 C.
1682 2089 1785 2122 BAUH.
1804 2100 1832 2129 p.
1852 2095 1927 2130 7032

443 2137 458 2213 ζ

440 2219 452 2252 )

445 2264 455 2294 )
