2003 2748
337 141 419 182 ³3⁶
849 121 1169 165 LIRIV.
1233 119 1406 162 con.

339 231 383 270 sae
412 241 497 269 cum
529 226 606 264 alba
627 225 759 275 pariter
788 222 998 259 membrana
1018 221 1152 258 arteriae
1178 217 1443 256 connectuntur
1461 244 1471 259 ,
1503 212 1682 254 cellulosae
1708 211 1826 254 brevis
1851 216 1933 254 telae

342 302 413 339 ope
432 318 441 332 ‚
476 294 517 325 ut
539 285 636 323 nulla
659 284 745 331 [m]
773 281 893 319 cordis
916 279 1004 318 fibra
1028 282 1065 317 in
1087 281 1250 316 arteriam
1274 278 1517 314 continuetur.
1555 275 1669 323 Supra
1694 274 1785 312 hanc
1804 276 1938 313 lineam

320 371 325 375 κ
342 351 414 398 jam
441 347 539 387 alba,
574 346 609 381 &
638 341 801 380 arteriosa
823 348 947 378 natura
984 340 1041 376 est.
1078 338 1210 376 Tendo
1242 349 1331 374 vero
1364 336 1478 384 vulgo
1510 334 1622 372 dictus
1651 332 1841 381 arteriasus
1861 346 1937 371 cor-

342 408 419 449 dis,
456 406 504 443 est
520 404 597 441 alba
621 403 714 440 linea
744 401 912 438 nondum
943 411 1007 438 cor
1029 398 1179 439 finiens,
1208 408 1252 434 ex
1276 396 1366 433 arcta
1395 393 1595 432 adhaessone
1637 393 1855 429 membranae
1880 393 1935 428 in-

341 475 452 504 ternae
473 464 593 502 cordis
621 474 706 500 cum
734 460 831 498 fibris
858 460 993 497 carneis
1022 466 1125 500 nata,
1160 459 1198 494 in
1230 467 1341 505 quam
1367 455 1498 491 lineam
1530 454 1655 502 aliquae
1685 451 1773 488 striae
1791 463 1836 489 ex
1857 449 1936 499 ipso

341 523 546 563 ventriculo
580 521 826 562 adscendunt,
858 519 894 556 δι
925 517 1080 568 aliquam
1110 517 1310 565 imaginem
1337 514 1494 552 tendinis
1523 510 1795 562 repraesentant,
1832 521 1934 549 verus

340 585 442 622 enim
467 581 580 621 tendo
613 581 733 620 nullus
768 578 874 618 adest.

735 693 768 735 §-
803 687 884 726 IX.
954 684 1115 725 Valvulae
1147 683 1297 722 Arteriae
1320 681 1542 731 pztlmomzlis.

400 801 443 840 In
465 800 521 838 his
545 811 648 838 nunc
668 797 788 837 cordis
819 809 905 836 curn
928 797 1053 834 arteria
1073 793 1240 832 confiniis
1257 821 1266 836 ,
1303 792 1450 830 inferius
1478 798 1598 828 tamen
1623 790 1660 827 δι
1682 789 1831 838 propius
1853 787 1938 825 c0r0'

343 861 396 899 dis
428 872 668 901 mucronem,
705 858 853 908 quando
877 864 1028 905 utraque
1061 866 1167 892 cavea
1193 854 1371 890 conmuni
1394 850 1547 888 sectione
1581 848 1753 891 finditur,
1788 847 1935 896 adparet

343 921 423 958 alba
445 919 615 958 undulata
638 918 730 955 linea
749 915 859 965 (n),
894 916 937 952 ab
959 914 1038 964 ipsis
1063 913 1211 951 valvulis
1239 925 1317 949 non
1343 911 1516 960 separata,
1552 921 1631 958 quae
1656 920 1778 945 earum
1799 907 1936 944 radices

343 979 522 1030 sequitur,
550 977 674 1026 easque
695 982 853 1026 generat.
889 975 944 1012 Ab
961 987 1000 1011 ea
1016 975 1107 1010 linea
1125 980 1258 1010 exeunt
1271 973 1307 1007 in
1319 972 1481 1008 arteriam
1496 975 1566 1006 tres
1580 966 1731 1006 valvulae
1744 995 1753 1010 ,
1790 965 1937 1004 venosa-

341 1051 423 1077 rum
439 1067 449 1081 ‚
479 1050 557 1087 quae
576 1050 640 1087 per
664 1048 786 1074 cavam
813 1046 938 1072 venam
955 1033 1099 1082 ejusque
1128 1044 1246 1069 ramos
1263 1029 1402 1079 sparsae,
1439 1028 1580 1067 dudum
1607 1040 1626 1064 a
1644 1027 1750 1064 nobis
1781 1025 1935 1075 descrip-

340 1107 384 1137 tae
408 1097 514 1140 sunt,
546 1099 585 1133 in
620 1095 826 1134 univerfum
859 1093 1009 1135 ssmiles,
1046 1091 1164 1130 multo
1196 1098 1316 1128 tamen
1345 1089 1589 1130 robustiores,
1625 1099 1712 1136 quas
1740 1085 1826 1123 hinc
1852 1095 1933 1122 eor-

340 1157 396 1195 dis
423 1157 632 1195 continuata
659 1155 867 1192 membrana
892 1155 1017 1189 intima
1034 1180 1043 1194 ,
1078 1151 1163 1188 inde
1192 1151 1317 1187 intima
1343 1151 1471 1198 pariter
1495 1149 1629 1186 arteriae
1654 1145 1861 1183 membrana
1883 1142 1937 1182 ef·-

339 1217 424 1254 ficit.
459 1215 516 1253 Eae
536 1216 753 1252 membranae
775 1215 810 1250 in
834 1212 903 1261 ipsa
924 1211 1073 1249 valvulae
1090 1212 1163 1247 acie
1189 1209 1252 1245 fibi
1275 1211 1472 1246 occurrunt
1493 1209 1527 1244 &
1550 1208 1817 1243 continuantur.
1853 1202 1940 1241 Nu·

339 1288 462 1313 merus
491 1276 598 1312 trium
621 1273 842 1311 valvularum
873 1283 965 1320 pene
990 1277 1165 1318 perpetuo
1197 1269 1358 1310 obtinet,
1396 1267 1481 1304 duas
1505 1274 1625 1302 tamen
1653 1263 1848 1312 aliquando
1877 1260 1934 1299 Cl.

340 1336 395 1372 vir
423 1333 453 1383 J
489 1332 683 1371 Zacharias
712 1331 939 1369 Pm-scnss
976 1325 1043 1376 [0]
1075 1328 1188 1370 vidit,
1226 1329 1260 1363 ἃ
1295 1327 1382 1364 duas
1403 1328 1439 1362 in
1469 1324 1552 1362 urso
1581 1322 1680 1361 fuisse
1712 1322 1796 1370 lego
1822 1317 1939 1370 [p]

341 1393 552 1440 Quomodo
577 1404 662 1429 vero
693 1403 760 1440 pro
790 1391 895 1428 unica
926 1390 960 1426 ὃς
988 1388 1179 1425 orbiculari
1203 1387 1384 1423 numerari
1405 1383 1536 1433 poffint
1568 1381 1658 1431 [q]
1686 1393 1757 1430 ego
1783 1379 1940 1430 quidem.⁴

339 1465 418 1490 non
447 1454 590 1502 penitus
623 1450 800 1498 intelligo.
846 1448 1072 1496 Sigmoideas
1098 1459 1116 1483 a
1139 1445 1275 1494 figura,
1314 1445 1350 1481 &
1367 1442 1599 1493 ferndmmres
1621 1441 1770 1482 dicunt,
1819 1439 1939 1488 priori.

340 1519 461 1549 tamen
483 1513 634 1549 nomine
660 1523 716 1548 eas
742 1509 785 1546 ab
809 1509 951 1546 aorticis
976 1505 1124 1543 valvulis
1150 1503 1285 1542 mavult
1312 1503 1530 1551 distlnguere
1554 1501 1582 1552 J.
1620 1498 1777 1547 Baptista
1800 1498 1878 1536 Mo
1893 1510 1935 1534 R-

341 1584 364 1608 ο
380 1583 401 1608 Α
414 1584 438 1608 G
452 1583 477 1608 N
492 1583 512 1607 υ
525 1584 539 1608 s
567 1569 623 1620 [r
634 1572 660 1618 ].
697 1568 947 1607 Vetustiffimis
972 1565 1197 1614 temporibus
1222 1565 1462 1602 innotuerunt
1476 1590 1486 1604 ‚
1521 1562 1556 1598 &
1575 1559 1602 1597 E
1615 1572 1637 1596 R
1650 1572 1672 1596 A
1684 1572 1698 1596 s
1711 1571 1722 1595 1
1737 1571 1751 1595 s
1763 1570 1787 1595 T
1802 1571 1823 1595 R
1837 1570 1856 1595 A
1869 1570 1892 1594 T
1907 1568 1934 1595 o

341 1633 436 1679 [s],
474 1632 508 1667 &
543 1630 678 1667 audiori
707 1629 790 1665 libri
817 1628 855 1664 de
885 1626 983 1664 corde
1013 1626 1085 1673 [t]
1103 1652 1112 1667 ‚
1146 1625 1209 1673 qui
1234 1624 1328 1660 inter
1351 1621 1782 1659 H1PPQCRATlcos
1807 1617 1931 1654 exstat*

397 1691 491 1728 Situs
514 1689 574 1726 has
598 1688 753 1726 valvulas
776 1687 972 1735 distinguit.
1021 1684 1191 1722 Anterior
1224 1683 1295 1726 est,
1337 1682 1539 1731 posterior,
1575 1679 1610 1716 δι
1632 1677 1800 1727 superior.
1838 1674 1932 1714 Om-

337 1751 427 1786 nino
470 1761 555 1785 vero
585 1750 621 1784 in
661 1760 699 1785 ea
738 1746 818 1784 sede
860 1747 994 1784 arteriae
1036 1752 1225 1794 ponuntur
1254 1770 1265 1785 ,
1310 1754 1389 1792 quae
1430 1739 1596 1779 carnibus
1630 1737 1750 1776 cordis
1778 1737 1934 1773 circum·

337 1807 461 1857 positis
491 1809 706 1844 continetur.

398 1867 581 1904 Fabricam
612 1866 659 1902 est
687 1872 728 1902 ut
757 1863 946 1901 tradamus.
979 1860 1056 1898 Ima
1093 1873 1178 1902 ora,
1214 1869 1283 1909 qu‘a
1315 1859 1418 1896 cordi
1448 1856 1752 1896 committuntur,
1788 1853 1823 1889 δι
1861 1864 1931 1901 qua

340 1925 434 1963 finus
446 1911 579 1963 ’caecus
604 1924 750 1962 valvulae
777 1923 953 1960 clauditur
970 1949 979 1963 ,
1015 1928 1181 1957 curvatur
1205 1921 1241 1955 in
1272 1931 1393 1956 arcum
1411 1915 1535 1954 circuli
1568 1914 1619 1960 [u
1637 1914 1652 1961 ]
1670 1941 1678 1955 ‚
1704 1911 1930 1949 semicirculo

339 1985 410 2023 fere
436 1987 642 2027 minorem,
677 1995 795 2033 neque
822 1983 919 2019 enim
956 1992 1034 2017 eam
1063 1991 1164 2016 oram
1191 1986 1337 2016 acutum
1365 1976 1540 2025 angulum
1571 1970 1721 2010 effecisse
1745 1971 1843 2013 vidi,
1875 1970 1930 2008 uti

1782 2029 1930 2080 quidem

484 2101 522 2131 Ut
548 2101 663 2137 quidem
690 2099 742 2129 LA
758 2105 937 2128 chslus
961 2093 1104 2133 descripsit
1126 2104 1154 2132 p.
1180 2104 1224 2132 51.
1255 2093 1323 2124 edit.
1349 2097 1436 2130 1728.

485 2143 623 2170 Smne
651 2141 706 2170 tab.
737 2149 779 2177 ¹3-
806 2139 821 2168 f
855 2138 1032 2167 1.1·.l1.l·.
1057 2137 1083 2165 ἃ
1109 2136 1163 2165 tab.
1186 2146 1216 2172 ις
1254 2146 1279 2163 a.
1309 2145 1334 2164 a.
1363 2145 1388 2162 a.

484 2182 515 2211 ln
541 2181 733 2211 dissertatione
747 2204 754 2216 ‚
784 2190 845 2217 quae
869 2180 897 2208 in
916 2176 1079 2207 collee‘lionis
1097 2176 1192 2215 nostra
1214 2176 1378 2205 anatomicae
1402 2172 1498 2203 Tomo
1515 2170 1562 2202 Vl.
1588 2169 1683 2201 recusa
1700 2168 1739 2201 est
1757 2178 1785 2198 n.
1810 2176 1858 2205 47.
1879 2170 1929 2206 48·

481 2226 583 2251 Comm.
611 2224 668 2252 Lit.
700 2224 765 2251 Nor.
799 2229 884 2258 ¹734-

481 2263 650 2292 Numer.1vit
672 2260 728 2300 Jcs
754 2262 775 2292 L
792 2273 800 2290 r
815 2272 830 2291 ιε
845 2270 869 2291 υ
881 2270 901 2290 τ
916 2270 933 2289 Α
951 2270 970 2289 u
984 2269 1003 2289 D
1028 2259 1057 2288 in
1074 2256 1218 2297 plyfiolog.
1240 2267 1267 2296 p.
1290 2260 1340 2295 67.

483 2304 512 2332 ln
542 2303 617 2341 Fpgst.
647 2309 725 2332 anst.
751 2303 820 2341 saepe
841 2303 885 2331 cit.

483 2344 564 2379 Apud
592 2343 615 2373 G
630 2356 646 2373 A
662 2354 704 2372 ct
719 2354 737 2372 N
753 2354 769 2372 υ
784 2355 804 2372 M
828 2345 860 2371 de
884 2344 965 2379 Hlpp.
994 2342 1032 2378 &
1052 2342 1179 2371 Platonis
1203 2339 1319 2370 decretis
1344 2337 1375 2368 L.
1404 2336 1451 2367 VI.
1476 2347 1499 2368 c.
1529 2340 1557 2369 6.

481 2394 506 2412 η,
537 2390 563 2417 8.
584 2384 737 2414 semitecto
759 2384 867 2414 circulo
891 2391 1044 2421 comparat.

479 2422 590 2456 Vrsu
605 2434 726 2456 sssns
754 2424 880 2456 tab.X1.
903 2424 922 2455 f.
940 2433 967 2456 ι.
991 2425 1167 2457 Cowua
1183 2423 1213 2454 in
1231 2419 1365 2455 omnibus
1387 2419 1493 2453 iconib.
1515 2417 1655 2450 Suum:
1671 2414 1727 2447 tab.
1756 2421 1801 2451 ις.

378 2101 395 2460 ΑΛΛΛΛΛΛΛΑ

408 2433 428 2452 ἕ
414 2390 426 2411 15
413 2353 425 2371 x..
410 2230 428 2331 ’ζ-ὒὈ
417 2193 432 2210 0
413 2152 433 2169 ζ
408 2111 436 2129 Ξ

442 2102 462 2461 ψυνυψυψυὶκ
