2003 2748
443 118 748 162 SECTIV.
784 118 1350 162 MOTUSCORDIS.
1622 120 1708 168 4ςέ

93 223 272 273 impedit,
308 222 397 271 quin
421 220 542 270 peetus
567 233 585 258 a
610 220 721 258 corde
749 220 974 269 percutiente
1004 217 1173 255 elevetur.
1210 216 1247 255 Si
1281 217 1380 254 enim
1430 214 1508 254 haec
1547 214 1713 264 pondera

95 286 186 321 vires
209 285 401 320 circuitum
426 281 606 329 sanguinis
628 289 890 330 promoventes
921 290 997 316 non
1021 279 1196 315 minuunt
1224 276 1334 326 (x),
1369 274 1394 312 fi
1429 276 1509 325 ipsae
1537 276 1631 313 inter
1655 288 1712 314 eas

95 346 188 382 vires
215 343 312 385 sunt,
349 353 428 392 quae
452 353 536 378 eum
569 341 760 378 circuitum
798 340 949 386 juvant,
996 337 1032 374 &
1074 338 1284 374 arteriarum
1329 336 1619 373 contraelionem
1646 347 1713 373 -au-

95 412 204 452 gent,
241 402 330 439 dum
354 414 418 439 cor
450 398 634 438 remissum
661 399 840 449 quiescit,
874 405 970 435 certe
991 404 1114 434 tamen
1145 408 1223 433 non
1249 395 1455 433 debuerunt
1481 395 1526 432 de
1555 406 1712 433 numero

97 462 369 500 obstaculorum
407 460 529 503 demi,
568 472 646 508 quae
669 460 791 501 cordi,
829 458 919 495 dum
957 456 1170 505 sanguinem
1195 457 1234 493 in
1260 456 1403 493 arterias
1434 455 1608 504 expellit,
1644 454 1715 494 eas-

98 534 169 572 que
198 522 320 558 dilatat
339 549 348 563 ‚
384 521 510 568 utique
525 518 709 561 resistunt,
745 519 780 555 &
800 530 817 554 a
834 517 945 554 corde
961 516 1182 566 superantur.

156 581 243 619 Haee
267 581 311 617 de
342 578 590 629 ponderibus,
626 590 706 627 quae
732 590 750 615 a
784 577 896 615 corde
926 577 1122 614 elevantur.
1158 574 1410 614 Ostendentur
1442 583 1564 613 autem
1589 577 1715 625 proxi-

97 654 161 680 mo
187 641 281 677 libro
304 639 466 689 plurima,
483 639 549 676 alia
575 638 755 676 obstacula
774 667 783 681 ‚
818 649 898 686 quae
924 636 1046 674 cordis
1079 638 1170 673 vires
1207 635 1401 673 absumunt
1436 643 1498 673 aut
1527 635 1711 686 frangunt.

96 700 149 740 Eo
178 702 335 749 pertinet
360 706 601 748 augmentum
620 698 803 736 luminum
823 727 832 740 ‚
871 709 949 746 quae
970 698 1007 748 iu
1036 698 1143 733 ramis
1175 697 1386 733 arteriarum
1413 696 1595 733 continuo
1613 703 1716 732 trun-

95 773 141 800 co
173 761 237 798 suo
264 762 399 807 maJ'ora
427 758 528 800 sunt,
576 759 612 796 ἃ
634 758 806 796 eumdem
835 758 1003 794 videntur
1034 755 1199 793 effeetum
1227 767 1312 793 cum
1343 754 1442 792 vasto
1484 755 1564 794 lacu
1607 755 1717 792 habe-

97 834 158 863 re,
195 822 231 858 in
265 832 374 868 quem
401 818 543 866 sanguis
583 817 616 854 se
652 817 855 854 diffundat:
892 816 1075 854 frictiones
1109 816 1240 861 variae;
1274 815 1509 863 coagulabilis
1533 815 1717 863 sanguinis

97 891 247 922 natura,
281 880 344 929 qui
385 881 564 916 continuo
599 879 636 914 in
665 877 867 926 placentam
900 882 961 913 aut
995 875 1175 924 polypum
1208 875 1328 923 cogit,
1377 874 1525 923 quando
1565 875 1715 923 quievit,

100 940 214 990 Super
242 940 318 979 haec
343 939 466 990 omnia
503 937 684 977 obstacula
705 936 912 985 adparebit,
949 934 1161 983 sanguinem
1191 945 1276 972 curn
1300 945 1410 983 quam
1432 934 1591 971 minimo
1617 932 1720 972 veloss

100 1002 216 1040 citatis
248 1000 504 1040 decremento,
541 1010 605 1047 per
633 997 783 1034 minima
808 996 883 1033 vasa
918 995 1060 1043 urgeri,
1096 1002 1137 1032 ut
1165 993 1240 1031 fere
1268 1005 1370 1043 aeque
1404 993 1528 1042 rapide
1565 1005 1630 1043 per
1661 1004 1719 1033 eas

102 1060 307 1109 angustias,
342 1059 523 1096 celeritate
542 1070 560 1095 a
594 1065 651 1095 tot
680 1056 871 1095 obstaculis
896 1055 1074 1093 diminuta
1094 1082 1104 1096 ‚
1135 1062 1279 1102 agatur,
1316 1065 1358 1091 ac
1374 1054 1524 1102 quidem
1540 1065 1605 1103 per
1617 1047 1720 1091 trunss

102 1132 166 1159 cos
187 1121 397 1158 arteriarum
434 1128 558 1155 motus
590 1117 649 1156 est.
686 1116 820 1167 Neque
850 1127 1011 1164 unquam
1044 1113 1210 1152 machina
1241 1115 1388 1151 inventa
1414 1114 1487 1155 est,
1525 1125 1604 1163 quae
1626 1112 1720 1152 vele

101 1179 311 1228 longinquo
336 1177 457 1216 cordis
486 1179 577 1217 vires
605 1178 833 1218 imitaretur,
868 1183 930 1213 aut
962 1175 1078 1212 ullum
1122 1173 1304 1224 liquorem
1339 1185 1402 1223 per
1443 1172 1520 1211 vasa
1553 1173 1721 1222 corporis

104 1239 266 1279 animalis
293 1239 417 1275 omnia
437 1245 603 1286 urgeret,
638 1236 754 1286 qualis
781 1235 931 1285 quidem
960 1236 997 1271 in
1030 1233 1142 1271 corde
1175 1232 1340 1270 machina
1367 1232 1427 1269 est.

164 1298 347 1339 Caeterum
382 1297 515 1335 horum
546 1298 676 1335 virium
709 1298 833 1345 iniqua
871 1297 964 1333 inter
989 1293 1109 1333 cordis
1140 1292 1364 1330 ventriculos
1400 1291 1449 1329 est
1481 1291 1688 1330 distributio
1707 1292 1724 1337 ξ

106 1360 142 1398 &
173 1359 289 1406 major
321 1359 478 1396 omnino
505 1369 584 1406 pars
609 1356 655 1394 ad
678 1355 856 1394 finistrum
894 1353 1159 1395 ventriculum,
1198 1354 1345 1394 minor,
1383 1364 1461 1389 non
1484 1352 1569 1390 ideo
1599 1360 1722 1390 tamen

106 1418 210 1456 valde
241 1418 390 1460 debilis,
426 1417 469 1455 ad
495 1417 664 1455 dextrum
692 1417 860 1465 pertinet.
895 1414 991 1452 Nam
1025 1415 1060 1451 δι
1090 1411 1230 1451 craffior
1253 1412 1312 1449 ille
1336 1411 1405 1453 est,
1443 1413 1478 1448 &
1509 1413 1546 1449 in
1578 1414 1724 1449 arterias

107 1479 299 1521 duriores,
334 1486 441 1525 atque
464 1475 752 1518 numerosiores,
787 1476 823 1513 ὃς
844 1475 1052 1523 longiores,
1092 1473 1303 1521 sanguinem
1322 1471 1479 1519 expellit.
1514 1471 1616 1508 Num
1634 1482 1726 1520 prae-

105 1545 201 1588 terea
228 1552 247 1576 a
267 1538 440 1587 sanguine
468 1549 533 1586 per
567 1539 657 1574 aeris
693 1534 874 1575 efficacem
902 1533 1120 1584 pressionem
1161 1532 1312 1570 celerius
1344 1530 1572 1581 suppeditato
1607 1531 1684 1579 (y)
1710 1557 1723 1576 2

109 1590 239 1636 melius
273 1600 456 1640 irritetur,
491 1597 660 1636 nondum
682 1596 784 1635 locus
815 1595 865 1635 est
893 1593 1112 1646 inquirendi,

606 1743 1086 1784 SECTIO
1192 1741 1240 1781 V,

348 1841 1085 1886 CAUSSAEMOTUS
1150 1839 1503 1881 CORDI&

699 1948 731 1991 §-
766 1943 794 1981 Ι,
860 1943 975 1983 Ηῦνιε
996 1954 1140 1981 carnea,

230 2065 389 2105 Roxima
412 2064 571 2104 omnino
595 2063 694 2103 causa
727 2071 876 2107 motus,
913 2075 1021 2113 quem
1050 2061 1219 2100 haetenus
1252 2062 1290 2098 in
1319 2060 1433 2099 corde
1460 2060 1734 2112 descripfimus3

231 2128 280 2165 est
303 2129 338 2164 in
362 2126 461 2164 fibris
494 2126 630 2163 carneis
653 2125 728 2172 ejus
758 2124 918 2162 musculi.
954 2122 996 2161 Et
1026 2123 1164 2171 septum
1204 2122 1353 2171 quidem
1392 2121 1511 2159 cordis
1530 2151 1542 2164 ,
1577 2130 1738 2172 utroque

118 2187 323 2224 ventriculo
352 2184 493 2223 crassius
518 2185 554 2221 ἃ
579 2185 702 2222 durius
718 2212 727 2226 ,
749 2192 861 2221 totius
883 2184 1002 2220 cordis
1026 2184 1143 2219 motui
1162 2181 1213 2218 est
1231 2194 1299 2229 pl-'O
1318 2181 1558 2219 fundamento
1573 2211 1582 2224 ‚
1619 2183 1738 2220 idem—

118 2256 188 2293 que
211 2246 391 2295 superius,
427 2257 536 2295 quam
548 2244 668 2282 versus
683 2256 920 2284 mucronem,
952 2243 1127 2290 majorem
1150 2241 1368 2279 diametrum
1389 2242 1515 2283 habet,
1542 2254 1626 2280 cum
1644 2242 1733 2279 dex-

118 2312 180 2342 trae
213 2306 379 2355 inprimis
412 2317 534 2342 carnes
560 2304 835 2348 diminuantur,
869 2315 945 2353 quo
971 2303 1014 2340 ad
1035 2304 1174 2351 apicem
1208 2303 1359 2352 propius
1396 2302 1586 2341 accedunt,
1617 2301 1737 2340 Dein-

1688 2360 1738 2397 de

165 2421 488 2458 (x)MA1.ou1N
515 2421 532 2451 l.
560 2431 585 2453 c.

165 2462 180 2498 (
196 2474 218 2501 α
237 2464 251 2500 )
275 2463 348 2503 Quae
365 2464 483 2496 Roberti
501 2463 543 2496 W
555 2472 579 2497 a
591 2472 614 2498 x
628 2471 647 2496 Τ
663 2471 684 2497 τ
712 2461 751 2497 est
773 2461 938 2503 conjectura
955 2460 990 2504 os
1001 2462 1075 2495 vital
1089 2461 1210 2491 moriam
1227 2470 1247 2499 p
1276 2470 1323 2500 73,

1083 2505 1234 2546 Mmm
1296 2515 1320 2546 2
