2003 2748
357 131 545 172 ποτ.
582 129 626 172 V.
657 128 931 171 CAUSSAE
963 128 1060 169 Mo
1083 126 1209 168 Tus
1242 108 1526 191 {toanis
1654 128 1738 176 v50,-

141 230 317 268 culdubio
347 228 544 267 auriculam
567 227 716 276 superat.
753 225 902 264 Interim
927 225 1059 262 irritata
1088 237 1106 262 a
1137 224 1309 273 sanguine
1341 223 1477 261 venoso
1507 229 1654 273 recepto
1684 236 1746 262 au-

142 290 273 331 ricula,
309 301 417 338 quam
446 289 608 336 primum
624 285 846 323 ventriculus
866 284 1037 332 sanguine
1063 285 1219 321 inanitus
1240 283 1272 320 se
1292 283 1393 321 laxus
1419 282 1572 326 remisit,
1609 284 1645 320 &
1674 283 1746 332 ipsa

144 361 189 386 ex
219 348 301 396 lege
329 344 463 384 stimuli
490 345 737 387 contrahitur,
772 344 950 393 suumque
983 355 1152 381 cruorem
1171 344 1209 379 in
1233 342 1391 380 laxatum
1411 342 1657 381 ventriculum
1685 354 1747 379 ex-

131 407 251 457 pellit.
288 405 338 443 Ita
358 406 394 443 &
422 405 492 455 ipsa
508 407 581 442 vim
602 404 811 444 irritabilem
843 404 995 445 amittit,
1020 415 1038 440 a
1062 415 1131 452 qua
1149 402 1417 451 provocabatur
1436 430 1445 445 ,
1481 414 1633 451 eamque
1660 413 1747 438 ven-

143 466 274 504 triculo
290 465 417 507 tradit,
453 466 539 514 qui,
573 466 649 513 pari
680 463 842 512 exlege,
878 462 987 511 paulo
1008 463 1089 511 post
1106 461 1393 499 contractionem
1422 461 1592 504 molitur,
1627 461 1748 499 suuni-

143 538 215 574 que
232 525 441 572 sanguinem
459 525 576 571 ejicit,
609 525 811 572 pariterque
832 534 850 558 a
869 521 1013 559 stimulo
1037 521 1127 558 liber
1154 520 1303 570 quiescit
1316 520 1477 557 remissus
1494 549 1503 562 ,
1538 532 1747 569 novamque

143 585 188 622 ab
204 583 360 621 auricula
377 582 709 631 undam'sanguinis
725 583 864 630 accipit.
902 581 953 618 lta
970 589 1099 618 aeterna
1123 580 1204 628 lege
1236 579 1404 628 simplicis
1436 580 1588 622 stimuli,
1626 580 1748 617 valvu-

143 644 331 691 larunique
346 642 558 680 venosarum
570 669 579 683 ‚
613 653 756 679 caveam
772 640 938 678 auriculae
955 652 974 676 a
989 639 1180 677 ventriculi
1200 651 1305 676 cavea
1322 638 1558 688 separantium
1571 668 1580 682 ,
1604 639 1747 677 alternae

143 701 327 750 utriusque
344 697 493 739 musculi
507 701 770 738 contraaiones
791 701 827 737 &
846 698 1066 737 remissiones
1084 699 1116 736 se
1138 700 1327 736 inturbatae
1339 698 1620 748 consequuntur.

203 760 373 809 Princeps
395 762 470 797 veri
501 761 574 797 vim
599 759 658 797 ΡΑ
673 772 696 796 N
713 772 736 797 T
750 772 772 796 o
789 771 813 796 N
828 772 850 796 υ
864 772 878 796 s
904 762 978 807 (e)
1015 758 1138 801 sensit,
1172 757 1397 796 venerandus
1429 758 1556 799 senex,
1592 766 1671 796 tum
1703 758 1743 797 C.

150 819 281 868 Gotisr.
317 820 555 856 STENZEL
593 817 698 867 (f),
739 817 769 867 J.
804 818 914 866 Exup.
947 816 1357 866 BERT1Nus(g>‚
1399 816 1486 866 &J
1510 817 1546 855 Β.
1584 817 1746 854 SENAC

147 881 168 928 (
187 880 209 917 h
231 880 249 926 )
267 907 275 921 ,
315 880 561 927 iiuperiorque
590 877 642 915 Cl.
684 877 763 915 Mo
777 889 795 914 E
811 890 831 915 R
846 890 860 914 s
890 878 939 924 (i
959 875 984 926 ).

205 937 332 975 Toties
359 950 443 975 cuni
470 939 707 975 irritationem
742 949 809 986 pro
838 935 936 974 causa
962 943 1134 974 motuum
1162 937 1199 973 in
1225 936 1336 973 corde
1362 937 1634 975 observatorum
1664 949 1749 986 pro-

145 997 325 1048 posuerim
352 1026 361 1040 ,
403 998 558 1034 omnino
584 1008 735 1034 monere
756 1003 904 1039 teneor,
943 995 1083 1033 causam
1112 1008 1170 1033 nie
1195 997 1414 1033 excitantem
1443 997 1477 1033 ὃς
1496 995 1748 1034 sollicitantem

145 1057 347 1105 intelligere
362 1085 370 1099 ,
394 1069 472 1106 quae
495 1057 599 1094 aliam
616 1058 688 1093 vim
707 1057 918 1098 motricem,
952 1057 988 1092 in
1006 1056 1116 1092 corde
1133 1055 1353 1093 habitantem
1369 1084 1377 1098 ,
1397 1055 1440 1093 ad
1460 1056 1748 1093 contrastionem

145 1124 332 1165 provocet.
369 1115 405 1152 Si
431 1128 518 1153 vero
539 1128 557 1153 a
586 1128 643 1152 me
669 1115 891 1164 requisiveris
912 1143 921 1157 ,
967 1122 1008 1152 ut
1030 1128 1108 1152 eam
1135 1117 1209 1152 vim
1237 1115 1369 1152 stimuli
1404 1117 1654 1164 impatientem
1687 1115 1749 1152 de-

147 1175 278 1212 clarem
295 1204 303 1217 ,
343 1176 378 1211 δε
402 1177 602 1224 potentiam
632 1187 815 1224 exponam
832 1203 840 1217 ‚
881 1187 960 1224 quae
985 1175 1176 1212 irritationi
1206 1173 1400 1223 respondet
1424 1175 1673 1212 contraclione
1699 1174 1750 1212 sui

147 1236 305 1283 organi,
343 1234 510 1271 nondum
536 1241 631 1271 certe
662 1234 706 1271 ad
739 1246 817 1271 eam
847 1234 1081 1283 quaestionem
1109 1246 1284 1283 reponam
1312 1234 1521 1283 quidquam.
1571 1233 1751 1272 Commu-

145 1295 201 1331 nis
232 1294 321 1341 (le)
351 1293 426 1330 haec
452 1306 535 1331 cum
560 1294 732 1332 omnibus
758 1295 912 1331 omnino
948 1293 1115 1331 musculis
1144 1294 1246 1330 cordi
1281 1302 1406 1330 natura
1434 1294 1482 1330 est
1502 1322 1510 1336 ‚
1550 1300 1591 1330 ut
1619 1292 1750 1330 lacessi-

146 1361 189 1390 tae
222 1364 344 1390 carnes
358 1353 544 1390 breviores
567 1353 653 1390 fiant
667 1382 676 1395 ,
716 1353 834 1401 adque
856 1353 1014 1389 mediani
1036 1352 1087 1390 sui
1105 1360 1242 1402 partem
1269 1352 1451 1390 accedant.
1488 1351 1621 1390 Eadem
1642 1354 1750 1389 etiam

146 1419 271 1450 natura
295 1412 497 1449 ventriculo
520 1413 568 1450 est
585 1441 593 1455 ,
638 1412 762 1450 eadem
788 1413 962 1449 intestinis
983 1414 1018 1450 &
1046 1412 1148 1460 gulae.
1186 1412 1235 1450 Hi
1262 1414 1358 1449 enim
1377 1414 1454 1450 cavi
1479 1413 1578 1454 tubi,
1619 1419 1678 1450 aut
1696 1424 1750 1450 re·
1806 1404 1809 1405 ⁷

146 1471 232 1520 pleti
251 1500 259 1514 ‚
297 1478 356 1508 aut
388 1470 497 1509 inflati
514 1499 523 1514 ‚
559 1474 596 1508 in
621 1483 658 1508 ea
677 1471 756 1508 sede
781 1472 1102 1520 constringuntur,
1148 1473 1185 1508 in
1213 1484 1282 1521 qua
1308 1474 1383 1508 vim
1409 1473 1606 1508 irritantem
1635 1471 1750 1520 adpli-

147 1541 259 1567 catam
288 1532 472 1579 patiuntur
489 1559 497 1573 ,
536 1530 606 1568 five
634 1543 691 1568 aer
708 1560 716 1573 ,
754 1529 824 1567 sive
851 1532 975 1573 cibus,
1016 1530 1161 1569 faecesve
1180 1531 1336 1573 fuerint,
1374 1538 1434 1568 aut
1452 1543 1531 1568 acre
1558 1531 1750 1579 quodcun-

147 1601 218 1638 que
237 1618 245 1632 ,
290 1589 391 1639 quod
422 1590 525 1627 fibras
560 1590 761 1632 distendat,
805 1597 865 1627 aut
889 1589 1054 1628 lacessat:
1094 1590 1238 1627 effec‘tus
1271 1602 1357 1627 vero
1387 1592 1461 1637 ejus
1493 1590 1749 1628 contractionis

149 1649 220 1691 est,
261 1656 300 1686 ut
321 1649 420 1686 causa
447 1650 586 1687 irritans
610 1650 653 1686 ab
672 1662 709 1686 ea
728 1649 826 1692 sede,
859 1662 967 1699 quam
992 1649 1159 1687 lacessivit
1176 1678 1184 1692 ,
1225 1650 1432 1698 depellatur.
1471 1649 1520 1686 lta
1552 1649 1614 1691 fit,
1653 1651 1750 1687 utin

147 1707 233 1744 serie
257 1708 412 1744 intestini
437 1737 445 1751 ,
481 1721 632 1758 quaeque
664 1709 824 1758 superior
859 1709 935 1756 (l)
966 1709 1135 1758 particula
1165 1710 1359 1745 irritantem
1384 1709 1481 1746 suain
1506 1711 1693 1745 materiem
1712 1710 1751 1746 in

147 1768 316 1816 proxime
345 1767 551 1804 inferiorem
587 1768 741 1817 expellat
770 1795 779 1809 ,
831 1780 942 1817 eaque
973 1768 1115 1817 expulsa
1146 1768 1311 1817 quiescat.
1364 1767 1525 1804 Vicissim
1547 1768 1746 1817 particula,

149 1838 256 1875 quani
284 1826 493 1863 inferiorem
526 1827 631 1869 dixi,
669 1839 747 1876 quae
778 1826 905 1863 bolum
934 1827 1046 1864 laxata
1076 1835 1241 1876 recepit,
1286 1839 1325 1864 ea
1342 1839 1439 1864 nunc
1454 1829 1585 1864 irritata
1608 1834 1751 1864 contra-

149 1884 246 1921 hitur
268 1912 278 1929 ‚
312 1887 422 1933 inque
451 1885 554 1922 aliani
574 1886 731 1923 intestini
756 1885 876 1922 sedem
903 1887 1146 1923 stimulantem
1171 1886 1308 1923 caulam
1335 1888 1512 1935 exprimit.
1560 1885 1750 1925 Manifesta

148 1943 208 1980 hic
222 1972 230 1985 ,
264 1955 347 1980 cum
364 1944 478 1991 longo
494 1944 557 1981 illo
578 1945 791 1982 inseuorum
814 1945 924 1981 corde
945 1946 1198 1982 intestinorum
1219 1945 1266 1981 est
1283 1943 1497 1987 similitudo,
1533 1945 1634 1994 quod
1651 1946 1750 1984 idem

151 2003 187 2039 ἃ
218 2015 281 2040 cor
311 2002 362 2040 sui
390 2003 550 2040 animalis
575 2004 624 2040 est
643 2032 653 2047 ,
692 2004 727 2040 &
751 2012 849 2040 aorta
872 2004 986 2053 (m):
1026 2005 1060 2042 ἃ
1093 2005 1242 2054 perinde
1273 2005 1347 2052 ejus
1374 2004 1493 2041 cordis
1510 2032 1519 2047 ,
1563 2006 1626 2053 qui
1653 2013 1750 2043 certe

1636 2063 1749 2101 adeffe

191 2117 264 2160 (εἶ)
290 2117 307 2147 1.
334 2128 357 2147 c.
379 2128 405 2156 p.
437 2127 501 2155 ³¹3-

189 2158 232 2232 {j
252 2159 269 2235 ))
288 2159 523 2229 lObcperpetuam
546 2168 562 2189 a
588 2158 722 2198 sanguine
749 2160 935 2192 irritationem
966 2171 1015 2192 cor
1041 2172 1099 2192 non
1127 2161 1242 2199 quiescit
1271 2173 1319 2197 τεῳ
1340 2161 1414 2189 ὐτιιιυ
1444 2172 1468 2200 p.
1497 2161 1548 2199 67.

171 2241 203 2286 ⁸(
223 2209 272 2276 zlgb)
295 2223 324 2278 p.
353 2222 411 2277 ¹453
445 2240 573 2279 Uterque
599 2247 695 2272 tamen
718 2242 884 2274 clarissimus
905 2243 1016 2282 gallim,
1052 2244 1165 2274 succum
1194 2253 1333 2274 nerveum
1357 2253 1423 2275 cum
1447 2244 1474 2274 vi
1501 2243 1603 2274 stimuli
1631 2244 1750 2283 conjuri,

149 2286 192 2318 git
219 2280 362 2310 StNixe
388 2292 415 2318 p.
443 2290 507 2317 329.
540 2290 604 2317 232.
944 2285 1057 2322 (ι’)Ἰ.
1086 2295 1110 2315 c.

192 2320 269 2357 (k)
294 2324 387 2352 erem.
413 2323 507 2352 Mem.
527 2320 586 2360 sur
607 2324 760 2355 l’irrimhil.
789 2335 814 2362 p.
849 2335 895 2361 53.
925 2335 970 2363 77.

190 2361 272 2438 ἑῃίιζ
291 2363 400 2441 ἱεεοίὲἒ
419 2365 554 2440 [ἔξὲιοίν.
582 2365 635 2394 &c.
658 2368 725 2402 Exp.
756 2367 825 2402 406.
852 2376 919 2406 407.
951 2368 977 2399 ὁ(
1005 2368 1143 2407 imprimis
1171 2374 1238 2405 408-
1264 2376 1331 2403 424-
1366 2374 1433 2406 439·

239 2445 366 2485 Haller
397 2447 585 2499 Phyfiolog.
607 2449 714 2488 Tom.
739 2451 764 2489 l.
1236 2453 1258 2492 S
1281 2466 1293 2491 s
1316 2465 1330 2490 3
