2003 2748
348 166 427 208 148
866 155 1137 195 LIBII.
1203 155 1434 196 VASA:

343 255 490 294 admisit.
526 253 568 292 In
591 264 683 291 vena
707 251 778 302 ipsa
804 252 921 290 modo
942 252 1056 291 nullas
1075 252 1232 291 valvulas
1264 253 1377 296 vidit,
1419 248 1539 292 modo
1569 252 1730 304 aliquas}
1763 256 1857 295 ostio
1879 256 1937 296 sui

341 317 475 365 periori
495 315 551 350 vel
576 315 764 362 propiores
783 340 792 354 ,
828 312 885 349 vel
903 314 1118 350 remotiores
1136 340 1145 355 ,
1191 312 1415 362 frequentius
1445 321 1566 352 tamen
1594 314 1729 364 aliquas
1758 315 1848 363 (q)
1877 329 1937 354 re-

339 376 440 423 perit.
490 372 621 410 Earum
650 384 786 410 cornua
806 370 943 409 sursum
963 371 1165 422 respiciunt.

398 431 477 481 Ego
505 433 541 468 in
571 432 663 469 ostio
689 431 836 481 quidem
852 460 861 474 ,
899 431 1001 480 quod
1021 434 1058 469 in
1080 444 1210 468 venam
1230 444 1353 470 cavam
1369 439 1490 482 patet,
1524 432 1660 470 nullam
1682 444 1844 483 unquam
1856 434 1930 472 val-

338 492 460 530 vulam
480 491 573 534 vidi,
615 489 736 540 passim
766 499 886 529 autem
909 491 1042 540 aliquas
1060 520 1068 534 ,
1112 503 1181 540 qua
1202 501 1301 540 parte
1329 503 1392 540 pei·
1418 493 1598 529 vertebras
1620 492 1774 530 thoracis
1803 493 1931 531 decur-

337 553 391 588 rit.
430 550 585 588 Videtur
606 550 698 588 adeo
715 550 917 587 libertatem
933 550 993 587 hic
1012 550 1166 600 aliquam
1183 559 1347 588 naturam
1369 551 1431 587 fibi
1455 550 1631 589 indullisse
1645 581 1655 595 ‚
1692 564 1810 602 neque
1840 564 1929 590 con-

335 611 488 648 stantem
514 610 683 647 fabricam
710 608 774 646 fibi
799 608 1047 659 praescripfiffe,
1093 608 1158 646 Per
1175 622 1281 648 venas
1310 611 1552 648 intercostales
1580 623 1661 648 non
1686 612 1839 649 memini
1868 624 1928 649 me

334 669 516 707 valvulam
547 668 677 706 vidisse.

394 729 574 766 Proximae
597 728 677 766 sunt
711 729 875 765 maximae
896 727 962 765 illae
986 729 1141 777 geminae
1167 727 1337 770 valvulae,
1373 739 1452 777 quae
1478 730 1517 765 in
1539 728 1632 766 ostio
1661 742 1760 768 venae
1787 731 1928 779 jugula-

332 790 382 826 ris
404 790 576 830 internae,
609 795 670 826 aut
699 789 735 824 in
765 788 839 835 ejus
871 800 992 830 venae,
1031 787 1056 824 sl
1084 787 1250 824 malueris
1268 816 1277 830 ,
1322 799 1341 824 a
1365 799 1454 824 vena
1492 800 1575 826 cava
1611 788 1747 827 receffu
1781 802 1928 839 ponun-

335 855 393 886 tur
413 877 423 892 ‚
457 847 559 885 facile
587 849 683 884 enim
697 876 705 889 ,
731 847 766 883 δε
791 846 927 884 facilius
948 848 986 884 in
999 846 1129 884 dextro
1142 846 1271 889 latere,
1304 846 1476 895 jugulatis
1494 849 1632 885 interna
1651 849 1769 898 potest
1784 861 1852 898 pro
1872 863 1930 888 ca-

333 920 387 946 vae
410 920 510 945 venae
530 915 662 945 trunco
687 906 818 943 haberi.
854 906 896 953 Iri
913 917 957 943 eo
984 918 1072 955 ergo
1089 905 1296 944 confluente
1327 906 1406 943 duae
1431 906 1578 944 valvulae
1599 907 1702 950 sunt,
1737 920 1823 957 quas
1850 921 1928 947 rec-

332 974 370 1004 te
397 966 684 1004 FABRICIUS
717 965 806 1013 (r)
836 965 947 1008 olim,
983 965 1116 1003 deinde
1138 964 1426 1003 Ruvseums
1456 966 1538 1014 (s)
1565 967 1760 1004 constituit.
1795 965 1928 1007 Earum

334 1027 492 1063 antenor
518 1025 583 1063 alia
601 1025 649 1062 est
666 1026 702 1062 δε
720 1024 897 1073 posterior
912 1024 1021 1062 altera
1053 1024 1072 1072 (
1090 1030 1105 1061 t
1122 1025 1138 1070 )
1157 1052 1166 1066 ‚
1204 1036 1281 1061 non
1299 1023 1371 1060 fine
1396 1025 1588 1073 aggeribus
1622 1027 1640 1072 <
1656 1038 1678 1062 u
1697 1025 1717 1074 )
1750 1033 1900 1076 utraque
1913 1058 1923 1071 ,

333 1087 396 1135 qui
417 1085 628 1133 sanguinem
649 1086 687 1120 in
713 1095 778 1121 cor
798 1083 1011 1126 admittant,
1035 1081 1206 1132 {refistant
1224 1096 1242 1121 a
1268 1082 1379 1120 corde
1396 1083 1591 1122 reversuro.
1627 1084 1718 1122 Non
1735 1091 1855 1123 tamen
1873 1087 1928 1125 so-

331 1145 408 1182 lent
432 1145 581 1192 injecios
602 1144 760 1193 liquores
788 1142 958 1181 sebumve
986 1145 1143 1185 morari,
1178 1155 1296 1192 neque
1315 1144 1354 1179 in
1375 1155 1471 1192 equo
1491 1143 1567 1181 solo
1589 1146 1695 1191 (x),
1731 1145 1843 1183 sedin
1860 1143 1937 1184 ho-⁴

330 1206 440 1241 mine.
478 1203 548 1240 Sed
568 1203 779 1251 sanguinem
803 1203 910 1239 etiam
941 1215 959 1238 a
989 1202 1100 1240 corde
1126 1201 1283 1240 refluum
1306 1203 1344 1238 in
1373 1203 1545 1241 omnibus
1566 1204 1780 1242 animalibus
1807 1207 1858 1252 (y
1876 1206 1923 1254 ),

329 1275 413 1312 quae
431 1275 516 1300 eum
544 1263 582 1298 in
607 1261 718 1299 finem
735 1262 881 1311 aperui,
910 1261 985 1298 vidi
1017 1274 1080 1310 per
1104 1273 1235 1298 venam
1257 1260 1459 1309 jugularem
1474 1290 1484 1304 ,
1520 1262 1609 1300 dum
1634 1262 1831 1311 exspirabat
1851 1266 1933 1309 ani<

330 1321 425 1365 mal,
458 1320 593 1359 sursum
609 1320 757 1358 refluere
772 1349 781 1363 ‚
818 1327 858 1358 ut
886 1319 1002 1369 ipsum
1024 1321 1174 1358 demum
1199 1321 1390 1357 cerebrum
1413 1328 1523 1369 cogat
1546 1321 1791 1360 intumescere.
1827 1322 1925 1361 Cum

330 1393 420 1419 vero
440 1393 479 1418 ea
498 1393 587 1418 vena
612 1380 714 1429 super
744 1391 872 1417 omnes
893 1379 975 1416 alias
1002 1379 1189 1416 dilatabilis
1210 1378 1276 1421 fit,
1312 1379 1455 1417 videtur
1485 1393 1506 1417 a
1537 1389 1662 1418 natura
1686 1389 1805 1430 parata
1832 1381 1921 1426 effe,

330 1448 373 1478 ut
394 1440 575 1488 sanguinis
602 1452 680 1489 pars
695 1467 705 1481 ,
748 1440 891 1488 quoties
914 1451 979 1487 per
1003 1437 1232 1488 pulmonales
1247 1438 1304 1475 via
1328 1439 1448 1476 minus
1473 1438 1583 1476 libera
1599 1439 1648 1476 est
1663 1468 1673 1482 ,
1712 1441 1750 1477 in
1774 1452 1818 1478 eo
1837 1453 1924 1490 qua-

330 1499 357 1536 fi
377 1498 605 1548 receptaculo
630 1498 741 1535 finem
769 1498 875 1545 hujus
901 1510 1013 1535 morae
1047 1497 1244 1547 exspeetaie
1268 1496 1373 1546 posiit
1398 1499 1500 1544 (z),
1536 1498 1656 1548 quales
1680 1498 1773 1537 finus
1797 1500 1833 1536 in
1850 1502 1925 1538 ani-

329 1558 484 1596 malibus
505 1557 697 1607 amphibiis
713 1587 722 1601 ,
759 1565 866 1606 caput
891 1557 953 1595 diu
980 1556 1043 1594 sub
1073 1569 1203 1607 aquam
1228 1557 1502 1604 mergentibus,
1550 1558 1633 1595 alias
1666 1558 1917 1598 describemus.

330 1617 383 1655 Ita
411 1620 449 1654 in
471 1617 610 1654 adfec‘hi
631 1618 742 1654 animi
760 1616 851 1653 tristi
865 1644 875 1659 ‚
909 1617 948 1658 in
969 1617 1061 1654 nixu
1076 1645 1085 1659 ‚
1124 1618 1162 1653 in
1186 1616 1339 1665 pedioris
1362 1615 1729 1660 inflammationibus,
1766 1618 1855 1655 dum
1873 1618 1923 1656 fa-

327 1679 402 1713 cies
435 1684 575 1718 tumet,
616 1677 653 1713 &
685 1676 855 1724 sanguine
884 1674 1127 1718 suffunditur,
1166 1675 1366 1713 custodiam
1393 1675 1521 1713 harum
1549 1675 1772 1714 valvularum
1800 1679 1922 1716 minus

330 1735 477 1772 fidelem
501 1734 588 1777 effe,
619 1735 769 1784 suspicio
797 1734 846 1772 est
865 1746 952 1773 vero
977 1736 1156 1784 proxima.
1192 1733 1235 1771 In
1254 1734 1329 1772 fetu
1353 1733 1517 1772 officium
1548 1747 1677 1773 eorum
1705 1731 1935 1775 ostiolorum

330 1796 446 1843 magis
467 1792 698 1831 necessarium
727 1793 890 1835 videtur,
930 1795 1077 1843 quando
1102 1803 1208 1843 caput
1229 1806 1407 1831 cernuum
1431 1795 1556 1842 praeit,
1597 1802 1705 1844 atque
1727 1794 1819 1833 adeo
1833 1808 1936 1845 pro-.

328 1855 398 1903 prii
420 1853 471 1891 sui
490 1852 661 1902 ponderis
683 1855 718 1890 vi
738 1852 879 1900 sanguis
904 1854 942 1889 in
962 1853 1100 1890 collum
1127 1854 1163 1889 δε
1186 1860 1295 1900 caput
1318 1852 1487 1889 relabitur
1508 1853 1525 1902 (
1545 1865 1566 1889 a
1582 1853 1609 1898 >.

389 1912 432 1950 In
458 1911 591 1950 sinistra
617 1925 707 1949 vena
725 1911 880 1960 jugulari
906 1913 1069 1954 interna,
1108 1913 1218 1960 inque
1238 1910 1316 1948 finu
1341 1911 1489 1949 valvulae
1513 1911 1721 1960 posterioris
1743 1912 1829 1956 alia,
1862 1926 1920 1952 ce-

329 1972 463 2010 lebrata
475 1971 613 2010 valvula
630 1973 780 2021 ponitur
798 1999 807 2013 ‚
854 1982 932 2020 quae
962 1972 1054 2008 ostio
1082 1971 1207 2009 dusius
1234 1969 1398 2019 chyliferi
1424 1971 1569 2020 praeest:
1614 1972 1650 2008 &
1679 1983 1787 2020 quam
1810 1973 1918 2022 pollis

328 2042 399 2081 -pro
426 2032 534 2068 anulo
562 2031 712 2080 hymerii
740 2029 865 2072 simili,
909 2037 969 2068 aut
997 2043 1064 2080 pro
1091 2031 1227 2068 duabus
1248 2029 1377 2066 lunatis
1404 2028 1552 2067 valvulis
1574 2029 1728 2074 habere,
1769 2033 1917 2080 quando

327 2092 371 2127 nin
395 2103 484 2140 aqua
507 2098 612 2128 natat.
659 2089 868 2128 Commune
893 2089 1142 2138 videtur-huic
1188 2087 1320 2127 ostiolo
1350 2101 1433 2127 cum
1461 2089 1535 2126 aliis
1563 2089 1712 2129 valvulis
1752 2089 1918 2130 officium

1868 2150 1919 2188 es-

370 2244 448 2284 (q)
471 2244 543 2274 lbid.
570 2256 596 2274 n
623 2256 666 2284 3q.
1193 2246 1267 2285 (y)
1291 2248 1397 2277 Second
1415 2248 1559 2278 fliemoz're
1568 2242 1624 2282 sur
1635 2248 1672 2276 les·
1696 2248 1804 2284 parties
1819 2247 1933 2277 irrita-.

373 2291 419 2320 χν
438 2287 448 2322 )
471 2285 505 2315 T
536 2284 556 2315 Ι.
584 2288 614 2316 Λ.
1151 2289 1204 2317 bles
1227 2285 1401 2326 &fizfibles
1427 2288 1542 2318 Sestion
1563 2286 1612 2316 IV.
1632 2287 1703 2324 Exp.
1723 2292 1769 2323 96.
1790 2287 1824 2316 ad
1851 2297 1922 2317 ιιιω

372 2326 449 2361 (s)
475 2323 554 2363 Thles
576 2334 654 2356 anat
674 2328 735 2358 Vll
754 2338 781 2358 n.
807 2332 855 2366 69
1192 2328 1266 2365 (z)
1290 2328 1375 2358 Confi
1399 2327 1929 2364 J.Zachariam1‘2rsemx.e.i

372 2365 829 2402 (t)MoR‹-,A0N1.cn.
858 2378 903 2407 39
1149 2379 1177 2399 n.
1205 2379 1251 2406 57.
1841 2376 1843 2379 ’

371 2406 383 2439 (
401 2417 421 2435 u
440 2408 454 2442 )
478 2407 550 2436 lbid.
1191 2409 1266 2448 (a)
1288 2409 1370 2441 Idem
1382 2410 1451 2442 ibid.

368 2446 447 2484 (x)
469 2448 606 2481 Hanss
629 2445 780 2489 hamizstzt.
808 2460 835 2489 p.
865 2458 912 2488 14.
