2003 2748
286 120 1346 183 'SEOT.II.CORDISAUR1CULAE.
1565 131 1661 191 μᾶς*

50 234 185 279 ’ὶὸιῃίςί
216 238 270 277 his
303 240 454 278 vocibus
493 246 654 277 utuntur.
704 238 895 288 Plerique,
951 238 987 275 ἃ
1018 239 1178 287 antiqui,
1227 238 1262 275 ὃς
1294 237 1513 275 recentiores
1531 232 1648 288 '[q]

54 300 217 338 auctores
229 302 418 337 communi
432 302 582 336 nornine
593 297 835 334 auricularum
847 298 882 334 id
895 305 1015 334 totum
1029 297 1298 346 receptaculum
1310 297 1530 346 intelligunt,
1548 298 1652 347 quod

54 372 75 397 a
95 361 235 408 magnis
263 360 360 396 venis
376 387 385 402 ‚
426 361 463 395 in
486 358 616 395 dextro
632 385 641 398 ‚
681 357 716 393 &
739 358 775 393 in
797 355 934 393 sinistro
959 357 1087 399 latere,
1124 356 1337 404 sanguinem
1363 359 1516 406 accipit,
1557 358 1592 394 &
1610 370 1652 395 u-

54 420 155 456 trivis
180 419 286 455 tradit
309 417 518 455 ventriculo.
568 416 661 457 Alii,
698 417 734 452 &
761 418 927 465 princeps
947 415 972 453 B
987 428 1009 453 o
1025 427 1114 452 euri
1128 427 1148 452 A
1163 428 1186 452 A
1200 428 1223 452 v
1240 428 1251 452 1
1267 428 1317 453 us
1348 416 1429 464 [r]
1450 445 1459 459 ‚
1505 416 1653 455 [tristius

54 475 242 527 aliquanto
275 479 368 515 auris
392 476 695 525 fignificationem
720 474 877 517 finiunt,
921 487 1041 524 eoque
1076 476 1227 512 nomine
1254 477 1362 513 unice
1397 488 1474 512 eam
1506 488 1652 513 caveam

55 538 266 585 intelligunt
281 564 290 578 ,
326 548 405 585 quae
422 536 558 572 carneis
571 535 709 571 lacertis
725 535 821 572 intus
835 535 1019 584 percursa,
1046 534 1270 582 marginibus
1286 537 1438 572 crenatis
1463 535 1652 584 distingui-

54 604 125 635 tur.
159 596 273 633 Iidem
302 594 396 632 finus
422 607 560 632 nomen
590 595 669 631 atrii
685 594 806 631 cordis
832 606 910 631 eam
947 600 1084 642 partem
1111 593 1346 642 intelligunt,
1386 607 1464 643 quae
1485 595 1520 631 Sc
1547 602 1652 633 extus

53 655 186 704 absque
215 655 331 692 crenis
356 652 443 692 levis
462 683 471 697 ‚
511 655 546 691 &
581 655 677 691 intus
703 653 835 703 absque
866 653 1032 690 cancellis
1061 653 1118 690 est.
1155 652 1245 690 Non
1274 655 1381 703 potui
1404 654 1462 690 hic
1489 655 1526 690 in
1554 653 1655 691 sensu

54 726 193 752 vocum
210 713 401 750 discrimen
423 712 637 751 diffimulare
654 741 663 755 ‚
701 714 803 762 quod
824 714 979 751 omnino
1005 715 1042 750 in
1065 713 1127 750 ista
1152 712 1291 750 theoria
1319 714 1489 751 circuitus
1513 712 1654 762 sangui-

52 775 115 811 nei
141 772 319 822 insignem
346 785 506 811 errorem
531 774 680 822 peperit.

114 833 213 871 Atria
238 832 358 870 cordis
379 845 479 882 aeque
504 832 573 870 late
597 840 717 881 patere
743 834 885 881 reperio
901 861 910 875 ‚
950 844 1058 881 quam
1094 831 1270 870 venosum
1298 832 1446 882 systema
1462 861 1472 876 ,
1510 839 1550 871 ut
1575 832 1656 871 nul-2

55 892 136 931 lum
160 894 315 930 omnino
341 892 471 931 animal
492 904 556 929 cor
567 891 734 929 auriculis
752 892 962 928 destitutum
984 892 1136 934 habeat,
1166 893 1224 928 cui
1239 904 1336 929 venae
1351 892 1506 934 fuerint,
1536 904 1655 942 neque

56 953 156 989 enim
177 953 275 989 iniis
301 952 514 990 animalibus
539 963 641 989 aures
662 953 803 1000 reperio
822 979 830 993 ‚
874 952 1005 1000 quibus
1031 963 1094 989 cor
1121 950 1278 999 longum
1301 980 1310 994 ,
1349 951 1520 1001 idemque
1548 954 1657 989 etiam

55 1013 225 1062 princeps
250 1013 374 1048 arteria
393 1012 442 1048 est
458 1039 468 1054 ‚
510 1012 546 1047 δι
578 1013 616 1048 in
641 1011 773 1060 quibus
799 1010 877 1047 vasa
892 1010 1023 1047 venosa
1050 1011 1094 1048 ab
1111 1009 1286 1048 arteriosis
1308 1010 1468 1048 distincta
1485 1011 1656 1049 nondum

56 1071 167 1108 evicta
200 1070 288 1108 sunt.
324 1069 381 1108 Ad
411 1069 586 1108 venosum
620 1072 716 1106 enim
746 1069 958 1118 sanguinem
990 1070 1241 1118 recipiendum
1270 1070 1459 1108 manifesto
1489 1070 1658 1109 auriculae

56 1129 152 1166 fac‘tae
178 1129 258 1167 sunt
276 1158 285 1172 ,
321 1137 401 1167 tum
427 1137 468 1167 ut
491 1129 689 1167 musculosa
715 1130 749 1166 vi
780 1131 817 1165 in
844 1141 907 1167 cor
932 1137 1124 1178 urgeatur,
1164 1130 1200 1166 ὃς
1219 1129 1348 1176 majori
1371 1130 1468 1167 unda
1493 1142 1556 1167 cor
1581 1143 1659 1168 me-

54 1187 125 1226 lius
150 1188 326 1225 distendat
347 1191 364 1235 (
381 1201 398 1225 s
415 1189 434 1235 )
452 1217 461 1231 ‚
496 1196 604 1238 atque
630 1189 783 1226 acutiori
805 1188 951 1226 stimulo
977 1190 1054 1236 ejus
1081 1188 1232 1226 musculi
1264 1190 1552 1227 contractionem
1571 1202 1658 1240 pro-

55 1255 187 1288 vocet,
222 1254 300 1285 tum
327 1249 516 1296 inprimis,
556 1255 596 1285 ut
623 1247 890 1297 receptaculum
913 1247 1076 1297 sanguini
1105 1248 1240 1285 venoso
1264 1250 1473 1298 praebeant,
1510 1251 1656 1299 quoties

55 1314 116 1346 aut
138 1319 202 1344 cor
229 1308 267 1344 in
297 1307 544 1345 contractione
568 1306 626 1345 sua
656 1320 740 1345 eum
771 1307 984 1356 sanguinem
1018 1307 1209 1345 admittere
1241 1310 1394 1357 nequit,
1437 1317 1498 1346 aut
1527 1309 1659 1358 pulmo

55 1366 229 1416 sanguine
260 1367 388 1416 plenus
418 1368 456 1403 in
492 1369 581 1404 nixu
600 1395 611 1410 ,
654 1366 886 1416 inspiratione
916 1367 1110 1409 diuturna,
1135 1367 1282 1416 aliisque
1302 1367 1436 1411 causis,
1469 1368 1657 1407 transitum

57 1427 196 1463 cruoris
216 1438 280 1475 pet
308 1426 526 1475 pulmonem
548 1427 773 1463 morantibus
794 1454 803 1468 ‚
848 1439 949 1464 novo
974 1439 992 1464 a
1023 1428 1124 1464 venis
1155 1427 1319 1465 redituro
1345 1427 1509 1476 sanguini
1533 1428 1658 1466 resistit

58 1484 129 1531 [s*
148 1486 172 1531 ].
210 1484 315 1522 Hanc
342 1487 439 1522 enim
472 1486 613 1523 aurium
648 1485 937 1523 fabricandarum
965 1485 1105 1523 causam
1137 1485 1205 1523 effe
1234 1486 1406 1536 exemplo
1437 1487 1656 1536 receptaculi

55 1542 180 1581 venofi
196 1572 205 1586 ‚
249 1544 478 1592 amplissimi,
511 1545 747 1582 demonstrari
772 1544 912 1582 videtur
934 1574 943 1587 ,
983 1545 1085 1594 quod
1109 1546 1146 1581 in
1163 1547 1205 1582 iis
1223 1546 1436 1583 animalibus
1452 1548 1653 1595 reperitur,

58 1615 219 1653 quorum
251 1605 323 1641 vita
351 1603 534 1652 amphibia
563 1604 691 1652 longas
726 1604 789 1642 sub
817 1607 916 1654 aquis
948 1616 1068 1642 moras
1101 1606 1273 1654 requirit,
1318 1613 1359 1643 ut
1391 1618 1436 1643 ex
1469 1606 1658 1645 testudinis

53 1663 228 1712 exemplo
258 1664 420 1706 constat,
458 1664 560 1710 cujus
588 1663 764 1701 venosum
792 1664 1062 1713 receptaculum
1097 1665 1132 1701 δι
1160 1677 1179 1702 a
1210 1665 1380 1711 johanne
1406 1665 1551 1703 Mem
1579 1668 1596 1713 (
1611 1672 1657 1716 t)

53 1723 94 1760 &
124 1735 143 1760 a
167 1721 321 1771 josepho
350 1723 493 1761 Duve
511 1735 571 1760 RN
590 1735 647 1760 Ev
674 1722 762 1772 (u)
796 1723 1012 1774 descriptum
1038 1724 1157 1761 exstat.
1194 1723 1317 1762 Tanto
1342 1737 1476 1774 nempe
1502 1725 1658 1775 amplius

56 1781 194 1819 venoso
224 1781 386 1830 sanguini
412 1783 680 1831 receptaculum
709 1792 835 1821 natura
865 1786 1025 1833 paravit,
1071 1796 1147 1833 quo
1175 1783 1308 1822 diutius
1336 1785 1557 1834 praevidebat
1582 1785 1659 1822 san-

57 1843 212 1889 guinem
229 1850 310 1878 ante
330 1835 393 1879 cor
412 1842 696 1892 exspectaturum
713 1841 788 1879 effe.
811 1842 1021 1889 Quomodo
1037 1855 1123 1880 vero
1136 1856 1236 1881 venae
1249 1844 1434 1882 contrasto
1451 1845 1564 1888 cordi,
1583 1857 1657 1881 ma-

58 1902 113 1948 gis
129 1912 238 1949 quam
253 1902 435 1940 robustior
461 1902 638 1945 auricula,
668 1901 824 1939 resistere
843 1903 998 1951 polii-nt,
1039 1912 1099 1940 aut
1120 1904 1314 1952 quomodo
1339 1903 1546 1951 frangendae
1571 1903 1657 1941 huic

59 1958 242 2006 sanguinis
270 1960 393 1997 venofi
418 1960 623 1997 refistentiae
652 1974 753 1998 aures
780 1961 996 2004 inserviant,
1044 1974 1115 2010 ego
1142 1962 1291 2010 quidem
1310 1974 1386 1999 non
1414 1962 1592 2011 intelligo.

118 2017 296 2056 Auriculae
320 2019 440 2057 cordis
467 2021 505 2056 in
529 2020 571 2056 iis
601 2019 815 2058 animalibus
842 2022 934 2059 binae
960 2021 1039 2060 sunt
1055 2049 1064 2064 ‚
1115 2022 1246 2071 quibus
1283 2021 1424 2070 sanguis
1454 2021 1570 2060 calet:
1617 2023 1655 2059 δι

1576 2082 1657 2132 qui-

99 2208 112 2244 (
129 2218 147 2247 q
161 2209 175 2246 )
197 2209 243 2239 W
255 2220 264 2238 x
277 2218 298 2238 Ν
313 2219 325 2239 s
341 2221 357 2238 L
372 2219 391 2239 o
405 2221 432 2239 w
456 2210 474 2240 l.
499 2221 522 2241 c.
549 2221 576 2241 n.
605 2215 652 2248 65.
683 2212 729 2242 W
742 2223 760 2242 A
776 2223 792 2241 ι.
808 2221 828 2241 τ
841 2222 861 2242 H
875 2223 889 2242 iz
905 2222 922 2241 R
949 2213 981 2242 de
997 2213 1087 2243 cordis
1110 2215 1306 2244 auricularum
1325 2212 1439 2251 fidu-ica
1465 2224 1493 2245 n.
1514 2213 1571 2248 XI,

100 2249 178 2287 (r)
201 2250 291 2288 Instit.
312 2252 363 2280 Rei
387 2253 471 2283 Med.
495 2262 523 2282 n.
549 2259 613 2288 ¹48·
643 2253 751 2284 Eodem
774 2255 863 2284 modo
889 2254 932 2284 his
955 2255 1076 2285 vocibus
1097 2263 1217 2286 utuntur
1246 2256 1269 2292 J.
1295 2258 1420 2292 ,Iacobus
1439 2256 1463 2286 R
1478 2267 1496 2285 A
1512 2266 1532 2285 u
1559 2256 1587 2285 in
1609 2264 1656 2293 apa

56 2291 138 2328 pend.
151 2292 189 2319 ad
201 2291 397 2328 amphitheatr.
412 2294 563 2323 Zootomic.
586 2294 624 2330 &²
640 2296 738 2324 ¹Simon
762 2297 862 2326 Petrus
879 2295 903 2326 R
918 2305 936 2325 ο
949 2305 967 2325 υ
981 2305 1001 2325 n
1018 2306 1037 2325 A
1049 2306 1069 2325 u
1084 2307 1101 2325 L
1117 2307 1137 2326 'r
1153 2298 1185 2326 in
1203 2295 1332 2338 cffirvuz.
1351 2304 1430 2327 unat.
1441 2296 1535 2336 fistche
1555 2307 1582 2336 p.
1605 2300 1653 2336 63.

101 2331 178 2368 (s)
202 2332 284 2361 Conf.
305 2332 455 2364 SENAc
476 2334 494 2364 l.
523 2345 546 2365 c.
573 2344 601 2373 p.
634 2344 702 2373 343.

100 2371 446 2409 (1³)sAuvAess
473 2374 607 2414 depulfic
631 2387 657 2413 p.
687 2386 729 2414 ¹4.
753 2386 800 2417 ις.

98 2411 113 2448 (
135 2413 178 2450 t)
202 2414 340 2460 Memoir.
364 2416 396 2444 de
408 2416 523 2447 l’Acad.
549 2418 596 2446 cies
609 2415 713 2455 scienc.
733 2429 821 2463 1703.
853 2419 905 2456 HK
919 2431 968 2454 ιι.
993 2423 1100 2456 revim
1116 2431 1144 2463 p.
1170 2431 1236 2463 113.

100 2452 113 2489 (
135 2454 185 2486 u)
208 2452 280 2484 Ibid.
310 2465 333 2484 a.
362 2459 447 2493 1699.

147 2496 276 2539 Hciller
296 2498 484 2557 Phyfiolog.
521 2502 629 2548 Tom,
656 2502 687 2548 L
1234 2506 1288 2560 Q-
1308 2519 1332 2560 (Ξ
