2003 2748
854 135 1012 180 ZIB.
1078 139 1181 181 IV.
1246 138 1420 180 COR.

338 231 457 271 sermo
487 234 535 271 est
555 263 563 276 ,
599 232 1005 274 ERASISTRATUM
1032 238 1179 285 potius,
1215 248 1324 285 quam
1347 235 1736 275 Hmpocnirem
1764 239 1928 279 laudaret.

401 293 479 338 Qui
507 293 609 330 liberi
641 306 660 331 a
691 307 749 332 me
778 303 974 339 vocantur,
1004 296 1172 345 producti
1200 295 1289 332 fines
1323 295 1421 333 anuli
1450 295 1599 338 venosi,
1634 309 1711 334 non
1740 299 1822 337 ideo
1850 313 1927 338 non

339 353 493 400 propriis
529 353 680 391 vinculis
715 354 759 391 ad
792 354 911 392 cordis
947 368 1069 392 carnes
1103 355 1302 393 nectuntur.
1340 354 1393 392 Ex
1426 356 1545 393 cordis
1583 357 1680 392 enirn
1710 356 1813 400 sede,
1848 371 1926 408 quae

339 412 509 447 mucroni
532 414 683 461 propior
705 413 775 456 est,
809 413 959 462 surgunt
986 415 1137 452 musculi
1165 416 1260 457 veri,
1296 413 1507 463 cylindrici,
1543 421 1602 453 aut
1630 423 1725 452 certe
1748 419 1785 453 in
1814 418 1927 467 cylin-

339 468 423 506 dros
457 471 650 514 contracti,
685 485 804 523 neque
833 486 852 511 a
888 473 1025 523 papillae
1049 472 1138 523 [h]
1168 474 1353 511 muliebris
1382 473 1496 523 figura
1523 474 1656 517 alieni,
1691 483 1752 513 aut
1776 478 1928 514 nomine

338 527 482 577 indigni
491 529 731 578 papillarum,
767 544 842 581 quo
860 532 981 583 paffim
1000 532 1231 582 appellantur.
1268 531 1405 571 Eorum
1436 533 1550 570 moles
1582 535 1764 583 inaequalis
1782 535 1855 581 est3
1889 536 1926 572 δε

338 586 514 637 simplices
540 589 598 626 alii
628 590 729 633 sunt,
765 591 866 630 bifidi
894 591 978 635 alii,
1014 593 1050 629 &
1074 592 1207 634 trifidi,
1245 593 1281 628 δε
1308 592 1461 635 ramofi,
1498 593 1533 629 &
1558 605 1799 642 nonunquam
1829 595 1926 633 trabe

340 663 412 690 una
428 652 580 689 alterave
610 653 647 688 in
675 650 796 688 cordis
821 663 966 690 carnem
996 650 1126 688 inmissi
1155 651 1423 690 confirmantur.

397 710 534 748 Eorum
557 710 805 748 musculorum
831 711 980 749 obtusus
996 739 1005 753 ‚
1042 712 1078 747 &
1105 711 1197 748 ostio
1228 711 1363 748 venoso
1393 712 1566 760 propior,
1598 723 1689 760 apex
1702 714 1832 751 emittit
1854 713 1927 752 fila-

338 780 460 808 menta
481 769 695 808 tenacissima
709 798 717 812 ,
742 769 823 807 alba
838 799 848 814 ,
878 783 964 809 curn
983 770 1158 808 tendineo
1177 770 1368 819 splendore
1385 799 1394 813 ,
1424 770 1558 808 ramosa
1578 798 1586 812 ‚
1614 771 1788 810 decussata
1808 771 1861 822 [c
1877 772 1922 823 ],

339 842 419 879 quae
450 829 642 868 confertim
663 841 708 866 ex
733 828 876 867 summo
893 842 1042 879 quoque
1063 829 1226 868 musculo
1253 836 1412 872 exeunt,
1448 829 1532 867 inde
1556 829 1600 866 ad
1616 829 1746 868 flabelli
1770 832 1926 870 modum

339 889 559 937 divergunt,
594 889 632 926 &
663 889 798 927 ultimis
832 889 964 927 finibus
985 889 1053 927 suis
1081 888 1115 926 se
1142 890 1180 926 in
1207 888 1335 927 faciem
1361 896 1569 931 externam,
1605 890 1725 927 cordis
1749 892 1927 930 ambitum

336 949 599 998 respicientem,
618 948 714 985 anuli
731 947 852 986 venofi
866 950 1054 986 inmittunt
1069 976 1079 991 ,
1100 957 1141 986 ut
1155 950 1263 998 primi
1278 949 1479 991 breviores,
1501 950 1536 986 &
1548 950 1662 997 magis
1676 950 1870 999 conspicui,
1888 952 1927 987 in

339 1020 441 1046 oram
483 1008 648 1045 ultimam
701 1006 735 1044 se
784 1008 946 1045 inserant.
1012 1007 1082 1045 Alii
1124 1010 1163 1044 in
1210 1008 1479 1045 convexitatem
1519 1019 1635 1057 prope
1666 1021 1744 1046 eam
1783 1021 1884 1047 oram
1912 1040 1922 1054 ,

338 1067 397 1104 alii
411 1066 536 1104 senfim
552 1067 738 1115 longiores
757 1065 792 1103 in
809 1074 947 1116 partem
963 1066 1061 1104 anuli
1074 1068 1189 1116 magis
1207 1068 1242 1104 &
1258 1069 1372 1115 magis
1386 1067 1561 1109 latiorem,
1581 1067 1746 1117 ostioque
1762 1069 1926 1107 auriculae

336 1127 551 1175 propiorem
577 1125 657 1174 [d]
682 1125 827 1175 ejusque
857 1126 984 1164 faciem
1002 1153 1013 1168 ,
1047 1138 1127 1175 quae
1148 1126 1265 1165 versus
1289 1129 1441 1176 parietes
1461 1127 1580 1164 cordis
1606 1128 1829 1171 obvertitur,
1864 1130 1927 1166 tri-

337 1185 569 1234 angularibus
594 1186 632 1222 &
658 1185 809 1223 dilatatis
835 1185 967 1223 finibus
991 1185 1233 1229 innascuntur,
1269 1186 1453 1232 Quaelibet
1476 1188 1573 1223 enim
1596 1185 1682 1223 fibra
1698 1187 1864 1225 tendinea
1880 1189 1924 1225 ab

337 1257 378 1282 ea
398 1245 478 1282 sede
493 1273 502 1287 ,
538 1256 608 1294 qua
631 1245 791 1293 primum
815 1244 964 1282 anulum
985 1244 1208 1283 valvulosum
1231 1244 1385 1294 adtingit
1400 1273 1409 1287 ,
1445 1245 1586 1282 dilatata
1614 1246 1648 1281 &
1672 1246 1825 1294 palmata
1847 1247 1922 1294 [e]

335 1303 427 1340 sein
462 1315 545 1343 eum
569 1303 718 1340 anulum
743 1302 890 1352 infigit,
924 1304 1076 1341 minime
1108 1305 1152 1341 ab
1178 1316 1222 1342 eo
1251 1303 1459 1371 separabilis.
1512 1303 1623 1341 Addit
1660 1303 1727 1341 Vir
1752 1304 1805 1342 Ill.
1835 1304 1923 1355 [f]

337 1363 505 1400 incedere
526 1364 618 1399 inter
643 1369 834 1412 utramque
855 1363 1126 1406 membranam,
1162 1375 1241 1412 quae
1268 1364 1306 1400 in
1330 1363 1507 1400 valvulam
1530 1371 1814 1410 componuntur.
1850 1363 1924 1402 Ve-

335 1434 420 1460 rum
443 1423 485 1459 ab
507 1423 549 1458 iis
573 1422 792 1458 membranis
816 1424 878 1459 vix
904 1422 1014 1459 credo
1050 1422 1222 1471 distingui
1253 1420 1360 1472 posse
1397 1421 1451 1461 Ex
1480 1433 1555 1460 uno
1589 1420 1753 1460 musculo
1781 1422 1877 1462 fibrae
1905 1437 1924 1463 a

337 1480 495 1524 decem,
530 1480 575 1517 ad
601 1482 746 1528 triginta
768 1481 880 1530 usque
901 1479 1094 1530 prodeunt

399 1540 603 1578 Caeterum
595 1552 632 1576 ιιι
644 1540 752 1577 anulo
765 1540 973 1583 valvuloso‚
998 1540 1142 1590 ejusque
1152 1540 1335 1590 productis
1345 1540 1506 1584 finibus,'
1510 1541 1660 1578 minime
1673 1540 1822 1590 quidem
1832 1542 1925 1580 mus-

338 1599 474 1637 culosus
495 1596 603 1636 fibras
622 1601 737 1648 reperi
759 1599 779 1648 (
790 1601 871 1647 g),
907 1599 966 1637 sed
983 1602 1110 1649 utique
1130 1602 1280 1638 minime
1301 1613 1421 1638 rarum
1441 1601 1488 1637 est
1502 1629 1511 1643 ,
1543 1602 1635 1637 inter
1656 1599 1717 1636 has
1737 1601 1922 1639 tendinea-

336 1671 419 1696 rum
446 1658 615 1696 fibrarum
642 1657 859 1696 adhaefiones
880 1660 1005 1702 rubra,
1041 1662 1154 1696 carnis
1178 1659 1324 1702 similia,
1357 1661 1394 1697 &
1418 1659 1544 1697 callosa
1569 1659 1777 1708 corpuscula
1797 1659 1922 1698 subro-

336 1717 450 1755 tunda
477 1718 720 1760 intercedere,
756 1730 834 1767 quae
857 1718 1073 1768 cartilaginis
1097 1728 1261 1757 naturam
1288 1719 1419 1756 habere
1435 1747 1444 1762 ,
1479 1719 1621 1757 roboris
1648 1718 1747 1757 causa
1773 1719 1922 1757 valvulis

338 1776 493 1825 adpendi
509 1805 518 1819 ,
561 1776 713 1814 Thomas
739 1775 873 1815 Binis
889 1789 913 1814 Η
928 1791 951 1815 o
965 1790 985 1815 L
1001 1790 1012 1815 1
1030 1791 1052 1815 Ν
1069 1790 1093 1814 υ
1107 1791 1121 1815 s
1147 1779 1239 1826 (h)
1264 1779 1386 1816 auc‘tor
1406 1778 1463 1815 est.
1498 1778 1542 1815 In
1566 1778 1640 1815 fetu
1668 1778 1843 1824 ejusmodi
1865 1790 1921 1815 ca-

337 1835 504 1872 runculas
541 1847 618 1872 non
642 1835 741 1877 vidi,
774 1842 814 1872 ut
842 1834 911 1884 pro
936 1837 1058 1884 aliquo
1089 1838 1191 1874 tritus
1213 1836 1339 1873 effectu
1361 1837 1535 1878 habeam,
1569 1848 1678 1885 quem
1703 1835 1826 1884 spuriis
1851 1836 1920 1874 illis

338 1893 470 1932 offibus
498 1893 721 1931 sesamoideis
755 1905 967 1944 compares,
1001 1894 1131 1944 quibus
1164 1894 1372 1932 vetulorum
1401 1894 1610 1932 animalium
1645 1894 1810 1931 tendines
1843 1908 1919 1934 non

336 1965 417 1991 raro
439 1953 675 1992 instruuntur.
712 1952 825 1991 Totas
841 1955 947 1991 etiam
961 1952 1116 1991 valvulas
1133 1951 1275 1990 callosas
1290 1952 1389 1991 fuiffe
1404 1982 1413 1996 ,
1439 1966 1516 1990 non
1531 1953 1632 1991 valde
1645 1965 1764 1991 rarum
1777 1954 1824 1990 est
1839 1957 1914 2001 (i).

395 2011 535 2050 Verum
555 2014 591 2050 ὃς
618 2011 715 2050 aliud
743 2013 869 2051 vitium
896 2012 1045 2061 vulgare
1074 2011 1151 2049 satis
1185 2013 1348 2061 reperies.
1381 2011 1551 2050 Materies
1587 2024 1718 2061 nempe
1746 2013 1914 2057 arenosa,

338 2083 381 2110 ex
397 2072 549 2121 glebulis
565 2071 758 2122 congesta,
792 2073 886 2110 inter
919 2072 1005 2110 duas
1032 2072 1257 2109 membranas
1282 2069 1379 2110 anuli
1406 2071 1575 2110 valvulofi
1591 2100 1602 2115 ,
1634 2079 1693 2110 aut
1723 2071 1919 2120 produao-

377 2189 427 2222 (b
477 2187 657 2218 Cowr’zR
682 2189 737 2220 tab.
766 2197 810 2226 39
843 2186 861 2217 f.
889 2197 913 2217 1.
943 2196 968 2216 2
991 2187 1020 2216 in
1044 2187 1090 2217 lat.
1116 2186 1166 2217 fin.
1837 2143 1920 2170 rum

376 2229 427 2262 (c
480 2228 696 2260 lbid...f.12
730 2227 1051 2267 3.&....tub38f2

322 2267 429 2348 schel?-
458 2269 546 2345 ¹l-Iblid.
571 2268 628 2338 ἓξ.
653 2279 698 2346 ζ9.
723 2271 742 2300 f.
770 2280 795 2300 2
823 2269 958 2300 seme
981 2268 1037 2299 tab.
1066 2277 1109 2298 ιι.
1141 2269 1166 2298 ὗ.
1191 2268 1218 2297 [ι.
1239 2270 1264 2297 h.
1288 2266 1433 2299 Winslow
1457 2268 1487 2299 in
1509 2269 1645 2302 Memoir.
1672 2268 1705 2298 de
1724 2268 1839 2300 l’Acad.
1869 2268 1917 2299 des

498 2400 512 2418 a
525 2399 544 2418 Ν
557 2400 576 2418 Α
590 2399 607 2418 c
634 2390 671 2419 T.
692 2391 762 2427 ll.p
794 2391 862 2426 638.

475 2429 569 2459 Habet
596 2428 703 2459 ΙοεΜ
726 2430 784 2460 Vir
804 2430 862 2460 Cel.
892 2429 926 2460 T.
950 2429 970 2460 1.
1001 2440 1027 2468 p
1051 2439 1117 2469 213.

476 2469 545 2506 Hst.
566 2471 649 2500 Anat
666 2479 711 2508 53.
742 2473 855 2500 Centur.
880 2470 901 2500 I.
919 2473 1008 2501 Antt.
1033 2482 1125 2501 renov.
1147 2482 1175 2510 p.
1190 2475 1258 2507 406.

442 2188 455 2225 >

444 2229 456 2264 )

441 2270 452 2305 )

438 2349 656 2385 >Coveta
679 2351 738 2379 tab
763 2356 797 2387 38
824 2349 843 2378 f.
871 2359 896 2380 2.
922 2351 979 2380 tab.
1010 2358 1056 2388 39.
1071 2349 1090 2379 f.
1118 2358 1144 2379 2.
1176 2349 1359 2383 Sanel.
1379 2360 1405 2382 c.

434 2390 501 2465 ))SH

422 2471 505 2548 ))T
479 2509 660 2541 Tuumne
684 2512 852 2550 ohererzgeh.
864 2509 1007 2552 sumlung
1032 2511 1066 2546 T.
1098 2511 1133 2542 11.
1157 2522 1185 2551 p.
1210 2515 1258 2549 76

375 2349 396 2547 μκβΛΛΛ

415 2511 426 2539 ιι,
406 2440 423 2499 ἔνθα
402 2360 424 2426 *⁶³¹5
