2003 2748
268 177 401 220 ⁶156
819 170 976 212 LIB.
1027 172 1095 210 II.
1161 168 1390 211 VASA:

315 270 492 319 pulmone
513 269 530 315 <
544 270 557 305 i
576 268 600 314 ).
638 267 681 305 In
706 267 926 316 spermaticis
957 268 1058 305 venis
1089 267 1381 316 experimentum
1402 266 1514 304 exstat
1533 265 1680 304 Antonii
1703 267 1905 309 Nucxri
1917 284 1932 291 ·’

317 336 335 373 (
358 330 379 365 k
397 329 436 373 );
467 329 597 376 aliique
623 326 675 364 Cl.
710 329 803 369 viri,
841 327 989 375 quando
1007 326 1163 364 modum
1181 326 1337 369 docent,
1374 337 1450 376 quo
1468 326 1686 375 lymphatica
1707 328 1782 366 vasa
1814 342 1904 367 con-

314 387 432 435 spicua
457 386 652 423 reddantur
671 413 680 429 ,
722 398 788 435 per
822 398 930 423 venas
958 387 1086 434 jubent
1111 385 1272 435 inflare(
1287 385 1341 431 l).
1391 384 1435 424 Et
1461 387 1616 423 omnino
1643 385 1831 437 lympham
1857 399 1903 428 ex

314 446 487 493 sanguine
516 445 650 483 venoso
677 445 911 483 deduxerunt
937 446 995 483 alii
1022 446 1134 493 (m).

360 503 515 542 Verum
540 506 787 554 experimenta
807 505 977 554 quidem,
1014 517 1094 555 qnae
1120 506 1378 547 excitavimus,
1413 504 1582 543 videntur
1603 507 1710 544 unice
1736 505 1904 544 demons-

311 570 404 599 trare
418 592 426 606 ‚
448 563 570 601 flatum
599 566 699 601 venis
723 564 905 613 inpulsum
919 592 927 606 ‚
951 563 1127 614 nullisque
1151 564 1300 601 valvulis
1316 565 1518 601 coercitum
1532 593 1541 607 ‚
1565 566 1602 602 in
1622 567 1785 608 arterias,
1813 565 1901 603 hinc

313 623 351 658 in
378 622 452 660 vasa
483 623 698 673 lymphatica
717 626 863 660 venire:
900 623 1051 662 Etcum
1074 626 1189 672 magis
1216 624 1251 660 Sc
1271 625 1385 672 magis
1409 624 1573 666 constet,
1612 626 1735 662 onmia
1765 626 1803 661 in
1820 636 1901 662 cor-

312 693 403 731 pore
423 682 585 720 humano
610 681 828 732 lymphatica
854 683 952 726 vasa,
982 696 1063 733 quae
1093 691 1178 720 nota
1203 682 1309 724 sunt,
1344 682 1491 720 tandem
1508 685 1546 720 in
1560 683 1710 721 *dudum
1745 683 1903 722 thoraci«

313 753 397 777 cum
425 741 574 790 colligi,
612 743 718 779 etiam
749 754 794 778 ex
818 741 1058 780 remotissimis
1086 743 1250 791 corporis
1282 742 1465 791 partibus,
1506 754 1550 780 ex
1576 744 1707 791 quibus
1733 745 1901 791 proxima

312 800 357 837 ad
378 802 512 838 vicinas
537 798 645 839 venae
666 803 721 839 via
743 800 859 839 fuisset
873 831 882 845 ‚
917 814 1075 852 cumque
1094 801 1190 840 nulla
1206 803 1296 838 ratio
1312 801 1477 849 adp-areat
1493 829 1503 844 ,
1538 813 1647 850 quare
1661 809 1787 839 nat-ura
1807 801 1927 852 lym-3

316 860 425 908 pham
455 861 499 898 de
513 863 648 899 arteriis
675 860 831 899 secernat
845 890 855 904 ,
893 860 919 898 fi
936 874 1015 899 eam
1037 863 1215 899 continuo
1235 861 1336 898 venis
1356 860 1473 898 rubris
1490 860 1715 899 nascentibus
1732 856 1799 898 effe
1819 860 1902 898 red·
1928 865 1931 867 ’

312 919 430 956 ditura
445 948 454 962 ,
490 920 657 958 nondum
679 922 772 958 inter
795 921 930 958 radices
952 921 1164 959 venularum
1187 919 1410 958 nascentium
1433 919 1509 958 haec
1530 919 1607 958 vasa
1623 919 1822 962 admisero,
1855 919 1901 963 de
1923 922 1925 925 ’

312 980 444 1031 quibus
463 992 563 1018 nunc
582 982 761 1018 continuo
783 980 932 1018 dicetur.

720 1094 753 1136 ἓ.
797 1088 839 1128 Χ
855 1087 897 1127 Χ
913 1087 949 1126 V
967 1088 992 1127 1.
1058 1087 1223 1126 Mutatio
1246 1090 1285 1125 in
1313 1087 1485 1126 Arterias.

369 1196 458 1236 Haec
490 1198 643 1237 mirifica
666 1198 898 1248 degeneratio
930 1204 1005 1235 tota
1031 1209 1076 1234 ex
1104 1196 1253 1246 josephi
1277 1197 1314 1237 D
1331 1209 1389 1235 uv
1404 1209 1423 1234 E
1438 1208 1596 1234 RNEN
1633 1197 1714 1251 [n]
1747 1196 1903 1252 descripss

313 1258 414 1294 tione
442 1257 554 1295 sumta
574 1259 644 1301 est,
686 1270 793 1307 qnam
818 1259 855 1294 in
873 1258 1002 1305 majori
1020 1256 1142 1305 aliquo
1163 1256 1257 1305 pisce
1278 1257 1434 1293 omnino
1456 1268 1541 1293 cum
1557 1263 1681 1293 natura
1697 1258 1794 1305 prius
1810 1267 1900 1294 con..

312 1316 423 1353 feram
443 1345 452 1359 ,
484 1329 593 1366 quam
616 1317 660 1354 de
681 1316 911 1366 respiratione
936 1317 1176 1354 commentari
1199 1313 1336 1352 necesse
1361 1317 1435 1352 erit.
1472 1313 1570 1363 Ergo
1596 1314 1832 1353 Academicus
1857 1315 1899 1352 il-

312 1376 346 1412 le
364 1383 502 1412 aortam
527 1378 574 1414 ita
592 1378 639 1414 ait
670 1378 707 1413 in
735 1376 919 1413 bronchiis
951 1376 1160 1417 terminari,
1196 1382 1237 1412 ut
1254 1376 1328 1422 ejus
1344 1376 1475 1412 minuti
1488 1375 1576 1410 rami
1593 1373 1775 1411 transverfi
1786 1376 1899 1412 mani-

311 1434 401 1471 festo
434 1437 472 1472 in
500 1447 629 1473 venam
659 1435 908 1484 pulmonalem
933 1434 965 1471 se
997 1436 1219 1476 immittant,
1264 1433 1424 1470 istavero
1442 1461 1451 1476 ,
1488 1432 1561 1470 hoc
1577 1433 1692 1470 modo
1723 1440 1829 1477 nata,
1860 1434 1898 1471 &
1926 1434 1928 1438 '

311 1494 531 1531 membranis
560 1494 807 1537 crassioribus,
845 1496 880 1531 &
908 1493 1082 1531 divifione
1109 1493 1192 1536 sua,
1238 1493 1273 1529 &
1301 1491 1425 1530 officio
1462 1492 1612 1531 demum
1642 1494 1776 1530 arteriae
1797 1499 1900 1531 natu-

311 1564 388 1591 ram
408 1553 533 1591 induat
550 1583 559 1597 ‚
594 1554 707 1603 fitque
729 1555 798 1591 toti
821 1553 982 1591 inferiori
1009 1554 1100 1602 parti
1120 1553 1284 1601 corporis
1308 1563 1377 1601 pro
1397 1558 1496 1595 aorta
1519 1552 1768 1595 descendente.
1920 1548 1926 1552 ⁵

370 1610 457 1649 Eam
487 1613 766 1663 descriptionem
803 1625 821 1650 a
858 1612 985 1650 solerte
1015 1614 1093 1650 viro
1130 1609 1352 1661 propofitam
1392 1612 1571 1650 continuo
1608 1613 1755 1659 rejicere
1790 1613 1902 1650 nimis·

312 1670 467 1716 durum3
491 1675 669 1711 continuo
685 1672 860 1721 adoptare
877 1700 887 1715 ,
908 1673 945 1709 in
972 1679 1065 1710 tanta
1097 1670 1327 1708 diverfitatea
1342 1669 1569 1718 reliquorum
1592 1670 1800 1709 animalium
1816 1683 1899 1708 ana-

314 1729 412 1777 logia
429 1732 534 1768 nimis
550 1733 651 1770 facile
664 1731 779 1769 fuerit.
806 1730 912 1776 Quid
926 1733 1129 1770 invenerim
1141 1759 1151 1773 ,
1173 1731 1210 1767 in
1221 1741 1324 1767 nono
1336 1729 1443 1777 hujus
1459 1731 1580 1779 operis
1591 1729 1686 1768 libro
1703 1742 1898 1780 exponam

761 1900 784 1937 S
844 1897 873 1937 E
935 1899 966 1937 C
1026 1898 1060 1936 T
1120 1896 1235 1935 10
1327 1896 1443 1935 III.

639 2000 1575 2055 VASALYMPHATJCA

935 2112 967 2154 §-
1019 2107 1045 2145 Ι.
1111 2106 1280 2154 Historia.

451 2217 510 2256 Oc
532 2220 682 2259 nomine
699 2212 794 2267 apud
818 2219 1037 2256 recentiores
1057 2219 1281 2255 anatomicos
1296 2217 1449 2254 veniunt
1468 2228 1567 2254 venae
1586 2245 1595 2259 ‚
1634 2216 1821 2266 pellucidae
1837 2216 1898 2261 aut

449 2278 612 2321 rubellae‚
649 2286 778 2315 tenerae
793 2306 803 2321 ‚
842 2277 991 2316 valvulis
1016 2275 1307 2315 numerofiffimis
1322 2304 1332 2320 ‚
1367 2283 1462 2314 certe
1479 2275 1654 2327 plerisque
1676 2277 1766 2315 locis
1786 2280 1898 2314 inter-

1815 2347 1899 2386 CCP‘,

350 2391 363 2425 (
386 2393 396 2419 i
416 2392 429 2428 )
452 2391 511 2421 Nu
526 2402 573 2428 ct<
597 2392 696 2423 destnr.
721 2393 795 2423 due‘t'.
824 2403 920 2432 aquas.
1202 2426 1205 2429 ,

350 2435 363 2467 (,
385 2434 431 2469 k)
455 2431 471 2461 l.
495 2442 518 2462 c.
548 2440 572 2470 p.
603 2444 648 2470 53.
670 2434 786 2471 Ineteste
811 2435 988 2464 Cowrrn
1013 2434 1031 2465 l.
1055 2445 1080 2465 ο.
1104 2432 1139 2466 T.
1167 2437 1216 2471 4⁶·
1237 2433 1257 2464 f.
1277 2445 1304 2471 4.
1325 2435 1354 2464 in
1374 2444 1449 2473 pene
1472 2431 1602 2465 Idem‘I‘.
1634 2432 1681 2472 36.
1705 2433 1724 2465 f.
1761 2442 1787 2463 1.

350 2473 362 2501 (
386 2474 425 2508 l)
449 2473 492 2503 Sr.
509 2483 528 2501 Ν
543 2484 561 2502 Α
576 2484 593 2504 c
615 2476 654 2503 du
676 2485 749 2504 coeur
766 2475 799 2504 T.
820 2474 841 2504 I.
866 2485 892 2513 p.
913 2478 984 2513 466.

351 2518 402 2548 ςςιι
417 2515 429 2548 >
452 2513 497 2542 Vx
514 2523 528 2543 a
544 2524 561 2542 υ
575 2525 587 2544 s
600 2526 612 2545 s
626 2526 639 2545 a
654 2525 674 2545 >s
687 2525 699 2545 s
728 2515 814 2544 truite'
830 2516 874 2544 des
901 2518 1029 2555 liqueurs
1047 2526 1075 2554 p.
1102 2524 1167 2552 ¹97-
1197 2516 1222 2548 D
1236 2526 1308 2548 7311>
1320 2527 1330 2546 1
1342 2526 1356 2547 ι
1371 2526 1391 2546 ι
1417 2517 1451 2546 de
1472 2521 1577 2547 tumor.
1600 2525 1630 2555 p.
1658 2520 1706 2553 38.

350 2559 397 2590 [at
416 2558 428 2592 )
452 2553 485 2590 ln
506 2558 660 2587 Comme-nt.
683 2557 775 2588 Aemi.
799 2555 977 2596 Regfiimt.
1001 2558 1068 2587 anni
1091 2562 1179 2596 1699·
