2003 2748
329 113 412 153 366
842 103 1162 143 1:113.le
1231 105 1406 146 coa.

325 202 410 240 dem
434 201 634 239 inferioris:
668 211 800 237 nervos
823 199 867 238 ab
889 211 934 238 eo
955 201 1106 250 ganglio
1126 209 1229 240 natos
1245 231 1255 246 ‚
1295 215 1314 241 a
1337 202 1468 243 dextro
1495 204 1602 244 latere
1633 210 1670 246 δε
1702 223 1720 248 a
1751 211 1889 254 sinistro
1905 244 1916 260 2

323 264 362 300 in
387 263 430 311 pl·
447 273 535 297 mm
557 259 762 297 cardiacum
790 268 988 303 coeuntes,
1025 273 1104 311 quae
1127 262 1276 312 quidem
1299 267 1423 301 omnia
1448 278 1531 303 cum
1555 269 1682 306 nostris
1703 272 1922 314 obser-vario-

323 323 428 359 nibus
449 321 610 368 apprime
639 318 889 363 consentiunt,
927 320 962 357 ἃ
978 349 988 365 ,
1021 320 1086 358 nisi
1103 322 1251 372 quidem
1279 325 1369 361 meis
1391 327 1547 363 nimium
1574 330 1694 366 tribuo
1713 358 1722 373 ‚
1759 344 1843 371 cum
1865 337 1919 385 ip-

324 380 355 418 sa
383 389 506 417 natura
528 380 764 416 conveniunt.

383 439 511 487 Nuper
543 440 595 476 vir
626 437 702 475 Cel.
736 437 923 486 Cafimirus
964 437 1228 488 christophorus
1259 441 1280 478 S
1296 454 1315 478 c
1331 455 1397 480 HM
1413 456 1424 480 1
1440 456 1496 481 Er)
1511 457 1530 481 E
1546 457 1563 482 L
1600 445 1701 497 [h]
1750 452 1926 491 recensuit

322 511 475 536 nervum
505 498 660 547 longum
686 510 703 536 a
726 498 894 547 supremo
921 499 1072 547 ganglio
1100 501 1264 538 cervicali
1289 503 1523 542 intercosta'lis
1546 509 1807 547 [runcinatum
1829 512 1922 560 [i],

320 560 357 595 in
384 558 531 607 plexum
556 558 760 595 cardiacum
788 556 968 595 inmissum
987 571 994 595 :
1028 560 1205 608 ganglion
1225 559 1388 600 adsidens
1406 566 1539 601 arteriae
1561 567 1780 614 thyreoideae
1803 571 1822 617 (
1840 571 1862 607 le
1882 572 1923 618 )‚

320 618 479 666 indeque
499 620 628 666 pariter
648 626 774 655 natum
794 629 948 655 nervum
972 618 1175 657 cardiacum
1193 623 1209 668 (
1224 619 1270 667 l)
1290 633 1298 657 τ
1333 634 1452 660 ramos
1467 625 1586 661 cordis
1603 618 1781 674 liiiistros;
1815 630 1926 668 alium

319 676 514 726 superficiei
537 679 748 726 propiorem
780 689 863 715 curn
889 677 1112 726 pulmonicis
1139 691 1377 717 communem
1393 709 1402 724 ‚
1449 694 1607 732 cumque
1632 697 1758 725 arteria
1779 689 1926 737 pulmo-

321 737 391 773 nali
412 737 456 773 ad
480 737 722 774 ventriculum
744 736 915 774 dextrum
928 736 1141 775 tendentem
1163 739 1225 779 (m
1241 746 1273 787 ):
1305 740 1415 778 alium
1436 742 1686 790 profundum,
1722 748 1813 784 inter
1837 749 1925 787 duas

320 808 468 845 magnas
508 798 650 833 arterias
681 796 849 835 deorsum
888 797 1099 835 tendentem
1125 826 1134 841 ,
1191 798 1228 835 δε
1268 810 1352 836 cum
1393 813 1495 839 ramo
1525 803 1689 842 cardiaco
1719 808 1799 855 vagi
1831 810 1924 857 paris

320 867 538 898 coeuntem,
573 857 691 905 adque
714 857 911 894 auriculam
927 856 1097 894 sinistram
1122 858 1156 895 ἃ
1180 869 1244 895 cor
1260 856 1439 897 sinistrum
1457 862 1647 910 inpensum
1678 865 1697 912 (
1718 877 1741 901 n
1760 867 1787 913 ).
1821 866 1927 905 Dex.

319 925 415 954 trum
438 928 578 953 ramum
603 916 808 953 cardiacum
834 916 879 954 ab
897 917 1115 954 intercostali
1138 925 1270 955 trunco
1295 918 1369 956 fere
1394 921 1577 958 minorem
1616 923 1803 969 describit,
1839 938 1925 965 cum

319 975 447 1013 ociavo
482 987 565 1024 pare
588 977 924 1013 communicantem
940 1004 949 1018 ‚
990 977 1027 1012 in
1049 986 1157 1014 aortae
1184 976 1368 1026 superficie
1394 979 1628 1019 consumtum
1643 1011 1651 1026 ‚
1689 993 1751 1022 aut
1773 992 1869 1023 certe
1885 987 1927 1024 in

318 1034 560 1084 pericardium
578 1035 615 1072 &
639 1042 789 1072 truncos
819 1035 985 1072 vasorum
1006 1037 1162 1084 majores
1185 1039 1237 1084 (ο
1251 1036 1279 1085 ).
1318 1036 1405 1076 Haec
1422 1040 1552 1079 iterum
1570 1039 1693 1082 similia
1708 1043 1789 1083 sunt
1803 1044 1926 1097 superq

317 1091 440 1133 ficialis
460 1094 597 1138 nostri,
633 1095 670 1132 &
691 1095 816 1144 magni
845 1094 985 1145 plexus.

765 1206 797 1249 §-
832 1201 874 1242 Χ
889 1202 1025 1242 ΧΙΧ.
1078 1204 1201 1243 Nervi
1230 1205 1328 1245 nobis
1353 1208 1476 1255 ignoti.

375 1313 544 1352 Rariores
572 1311 639 1351 effe
660 1311 895 1362 persuadeor,
924 1324 1017 1362 quos
1041 1324 1112 1362 ego
1132 1314 1282 1364 quidem
1307 1328 1496 1367 nunquam
1520 1318 1697 1364 viderim,
1722 1332 1854 1361 nervos
1876 1322 1923 1362 ad

318 1375 459 1413 tertiam
480 1381 689 1422 quartanive
711 1371 847 1410 costam
868 1380 992 1416 ortos,
1021 1375 1082 1422 qui
1107 1376 1212 1411 ramis
1239 1374 1282 1411 ad
1309 1376 1433 1423 gulam
1457 1377 1569 1421 datis,
1608 1380 1768 1418 canalem
1792 1381 1926 1422 Botalli

316 1431 546 1484 supergressi‚
576 1445 640 1471 cor
664 1432 819 1475 adeunt,
856 1444 875 1469 a
902 1430 955 1470 Cl.
985 1434 1063 1470 viro
1088 1432 1118 1482 J.
1153 1433 1336 1471 Zacharia
1359 1434 1417 1473 PE
1433 1447 1593 1475 Tsan
1625 1439 1790 1490 descripti
1823 1443 1871 1491 (p
1886 1442 1919 1491 )‚

315 1491 365 1531 Ea
384 1493 534 1544 quidem
556 1492 657 1536 sede,
687 1491 886 1530 secundum
907 1499 1019 1529 totam
1042 1492 1195 1542 pectoris
1217 1493 1488 1542 longitudinem
1502 1524 1511 1539 ,
1546 1496 1675 1537 surculi
1698 1513 1716 1538 a
1733 1513 1847 1540 nervo
1865 1503 1935 1551 ins,

316 1552 493 1591 tercostali
516 1552 727 1595 nascuntur,
765 1552 800 1589 δι
832 1551 952 1590 versus
982 1553 1165 1590 vertebras
1193 1553 1371 1598 tendunt,
1408 1567 1568 1604 quorum
1596 1557 1706 1596 finem
1732 1573 1922 1611 nunquam

316 1613 440 1661 adtigi.
480 1612 604 1650 Minus
625 1624 718 1662 pene
743 1610 827 1649 fidei
856 1611 932 1649 aliis
955 1612 1075 1650 cordis
1095 1614 1215 1651 nervis
1236 1614 1458 1663 praestiterim
1474 1644 1483 1659 ,
1520 1628 1613 1666 quos
1638 1618 1691 1657 Cl.
1729 1620 1818 1658 olim
1842 1633 1922 1659 acas

316 1672 478 1710 demicus
499 1671 534 1710 H
548 1684 568 1709 u
582 1684 608 1708 N
625 1684 646 1709 A
662 1684 681 1709 u
698 1685 721 1709 n
738 1674 754 1719 (
769 1671 823 1722 q)
846 1684 864 1709 a
883 1684 1022 1721 magno
1044 1672 1154 1722 plexu
1182 1673 1440 1719 mesenterico,
1475 1677 1510 1713 in
1532 1677 1609 1726 ipso
1629 1679 1826 1718 abdomine
1845 1680 1922 1719 abs-

316 1731 444 1769 ceffill'e
461 1760 469 1774 ‚
507 1732 542 1768 &
561 1744 624 1780 per
646 1732 810 1769 foramen
828 1744 928 1769 venae
944 1744 1037 1770 cavae
1055 1734 1091 1769 in
1112 1733 1267 1770 thoracis
1288 1746 1433 1771 caveam
1459 1736 1632 1784 regressos
1649 1767 1658 1781 ‚
1695 1741 1731 1775 in
1755 1740 1920 1778 dextram

316 1802 439 1828 aurem
469 1789 599 1827 venisse
631 1791 759 1827 scribit.
796 1789 952 1828 Eosdem
974 1792 1084 1828 credo
1104 1805 1121 1828 a
1152 1792 1180 1830 L
1197 1805 1218 1828 A
1233 1805 1258 1829 N
1274 1805 1294 1830 c
1313 1806 1325 1830 1
1342 1807 1356 1831 s
1375 1807 1384 1829 1
1404 1806 1426 1830 o
1462 1796 1478 1840 (
1496 1807 1517 1831 ν
1536 1797 1553 1841 )
1591 1798 1743 1845 intelligi
1761 1827 1770 1841 ,
1807 1810 1918 1847 quan-

316 1849 365 1887 do
394 1862 412 1886 a
434 1849 544 1898 plexu
573 1849 682 1886 renali
705 1849 749 1886 ad
783 1861 912 1886 venam
939 1862 1062 1888 cavam
1092 1850 1300 1887 inferiorem
1330 1864 1462 1889 nervos
1488 1853 1644 1891 deducit.
1682 1855 1817 1894 Nullos
1842 1870 1920 1895 cer-

315 1917 350 1946 te
376 1908 537 1946 surculos
566 1909 609 1945 ad
638 1920 702 1946 cor
728 1908 843 1945 redire
876 1908 974 1951 vidi,
1018 1921 1102 1947 cum
1129 1908 1278 1947 sollicite
1307 1923 1438 1948 nervos
1465 1912 1646 1951 transversi
1670 1914 1758 1963 septi
1783 1928 1802 1953 a
1827 1929 1918 1965 gan-

313 1969 476 2017 gliorum
511 1967 778 2006 semilunarium
812 1968 1070 2015 conjunctione
1095 1975 1200 2006 natos
1229 1969 1479 2019 persequerer,
1517 1971 1579 2008 etfi
1609 1985 1737 2011 eorum
1767 1975 1915 2024 plurimi

312 2027 476 2065 foramen
501 2039 599 2065 venae
626 2040 719 2065 cavae
744 2034 988 2077 praetereunt,
1038 2039 1133 2079 quos
1158 2035 1280 2066 tamen
1307 2030 1345 2067 in
1377 2041 1499 2067 carnes
1530 2032 1630 2080 ejus,
1671 2034 1774 2083 quod
1809 2035 1914 2078 dixi,

1840 2093 1920 2143 sep-¹

354 2202 366 2234 (
387 2203 434 2236 h)
457 2201 489 2232 ln
517 2199 576 2232 diff.
605 2213 661 2242 qua
684 2204 822 2243 quadam*
838 2201 871 2235 de
894 2211 981 2235 nervo
1000 2204 1088 2238 intere
1181 2205 1194 2241 (
1211 2203 1262 2242 n)

312 2244 403 2280 <osmi
429 2249 569 2272 notantur
591 2243 699 2283 Erlarg
734 2254 819 2285 1754⁴
1181 2252 1226 2283 (n
1248 2248 1261 2284 >
1286 2247 1360 2277 ibid.

354 2286 366 2316 (
388 2286 398 2311 ι·
418 2284 431 2319 )
456 2283 528 2314 lbid.
556 2294 582 2313 n.
615 2296 639 2323 ς.
666 2294 690 2324 7.
1179 2289 1260 2367 {53
1282 2287 1318 2318 ln
1340 2286 1400 2318 diff.
1426 2285 1499 2328 saepe
1519 2288 1636 2321 laudata
1659 2298 1687 2320 n.
1719 2297 1786 2325 104.

1246 2411 1262 2448 )

352 2325 365 2398 ἑ
382 2326 399 2392 ξ
418 2327 430 2399 3
453 2333 482 2392 ἓ·
503 2330 572 2396 {30⁸9
1140 2378 1168 2402 n,
1192 2379 1220 2406 4.
1280 2328 1349 2368 Hzst.
1377 2330 1411 2359 de
1424 2329 1539 2364 l’Acad.
1552 2332 1623 2399 Ray.
1641 2328 1800 2370 dustrem.
1819 2339 1908 2375 1734.

353 2404 432 2443 (m)
455 2404 525 2438 lbi&
1182 2409 1228 2450 (r
1282 2419 1311 2452 p.
1335 2419 1383 2453 77.
1407 2412 1455 2445 tab
1486 2421 1502 2452 7
