2003 2748
318 132 403 174 406
842 115 1161 156 LJB.JV.
1228 116 1404 159 COR.

320 222 356 259 vi
378 219 549 258 contrairi
576 213 765 254 ventriculi
788 215 826 251 in
853 212 1048 251 auriculam
1069 212 1281 262 repellatur,
1318 216 1370 252 uti
1397 213 1537 252 dudum
1555 227 1573 252 a
1592 213 1822 265 scriptoribus
1839 230 1917 258 non

319 279 532 331 potissimis,
552 278 587 314 ἃ
600 273 789 326 hypothesi
802 273 1074 311 inservientibus
1095 275 1111 321 (
1121 280 1147 320 p
1162 272 1199 318 ),
1213 286 1258 311 ex
1273 274 1480 322 conjestura
1494 275 1721 324 propositum
1733 305 1744 319 ,
1764 277 1893 317 deinde
1906 291 1925 317 a

323 340 433 378 Petro
462 337 601 376 Simone
620 334 904 372 Romnum
928 334 1040 382 (q),
1070 333 1104 370 ἃ
1127 345 1242 382 nuper
1268 335 1312 371 ab
1334 332 1386 371 Ill.
1407 333 1610 372 SENAco
1638 336 1751 383 (r),
1789 337 1924 376 &ame

323 400 470 437 uberius
492 394 673 434 ostensum
701 394 775 437 est,
814 405 931 443 exque
950 392 1020 442 ipsa
1044 392 1199 442 partium
1232 393 1364 431 fabrica
1395 393 1580 431 evidenter
1608 394 1808 432 deducitur.

384 457 531 506 Nempe
556 457 594 493 in
617 453 765 491 diastole
791 453 911 491 cordis
938 452 1140 491 valvulosus
1169 452 1297 491 anulus
1323 455 1359 490 in
1383 453 1627 491 ventriculum
1651 454 1833 502 profunde
1865 454 1927 493 de-

323 510 484 559 scendit,
520 514 633 566 qualis
658 515 696 551 in
715 520 864 551 mortuo
890 514 1085 562 reperitur:
1120 512 1238 561 potest
1267 525 1356 561 ergo
1385 514 1557 550 conicum
1578 513 1729 561 spatium
1750 515 1923 562 cogitari,

317 577 427 626 ⁴cujus
459 573 545 612 basis
576 574 707 612 ostium
733 572 932 615 venosum,
969 573 1125 609 ambitus
1155 571 1226 621 ipse
1258 574 1388 621 pariter
1413 573 1498 609 coni
1516 573 1672 610 truncati
1694 571 1817 610 fimilis
1839 586 1927 612 anu-

323 636 381 680 lus
411 634 563 673 venosus
585 634 642 671 est.
680 632 842 678 Quando
870 631 1026 670 auricula
1044 632 1168 668 dextra
1185 643 1249 669 cor
1273 633 1311 668 in
1333 630 1480 669 diastole
1498 632 1733 669 constitutum
1751 632 1922 681 replevit,

322 688 416 749 'tunc
440 695 566 744 utique
593 693 668 731 haec
690 704 768 729 area
796 693 922 729 conica
947 697 1021 728 tota
1051 690 1222 738 sanguine
1247 690 1353 744 plena
1378 690 1435 727 est.
1471 689 1572 727 Pone
1595 702 1694 728 nunc
1718 703 1781 729 cor
1801 693 1839 729 in
1873 691 1928 741 sy-

327 754 444 792 stolen
456 754 571 791 redire
583 781 592 794 ‚
619 753 653 790 ἃ
668 751 816 789 anulum
833 749 1054 789 valvulosum
1076 749 1264 798 explicare.
1289 749 1398 788 Tunc
1409 751 1533 799 utique
1544 756 1642 787 totus
1654 750 1791 793 anulus,
1807 750 1926 789 versus

328 815 462 852 ostium
493 812 668 850 venosurn
695 810 874 860 repulsus,
912 816 1054 860 premet
1072 817 1153 846 ante
1176 809 1208 846 se
1230 821 1367 847 conum
1386 809 1643 857 sanguineum,
1687 821 1797 858 quem
1824 810 1923 853 dixi,

325 876 364 924 ⁴&
397 875 435 910 in
464 872 658 911 auriculam
678 872 901 919 regurgitare
927 875 1061 917 coget,
1100 868 1247 917 quando
1275 880 1375 906 nunc
1405 868 1477 918 ipse
1503 868 1630 906 anulus
1656 868 1810 906 limitem
1835 870 1928 907 auri·

329 933 417 971 culae
441 944 524 970 cum
549 930 749 968 ventriculo
778 940 1017 967 communem
1036 928 1210 976 expansus
1233 928 1391 969 claudit,
1428 929 1539 977 inque
1563 927 1695 964 eodem
1716 928 1824 977 plano
1842 940 1928 966 cum

328 993 468 1030 ambitu
497 991 576 1029 ostii
602 988 722 1026 venosi
752 990 911 1038 ponitur.
949 986 1087 1025 Verum
1107 999 1196 1036 ergo
1223 987 1271 1024 est
1288 1015 1297 1030 ,
1336 986 1397 1024 etfi
1418 987 1643 1036 paradoxum
1664 987 1836 1031 effatum,
1866 1000 1928 1026 au-

328 1049 481 1089 riculam
505 1050 668 1087 dextram
691 1048 794 1086 suum
814 1047 1025 1098 ⁴sanguinem
1047 1058 1125 1084 non
1150 1059 1168 1083 a
1184 1046 1264 1084 solis
1290 1047 1389 1084 venis
1413 1048 1506 1084 cavis
1524 1075 1532 1090 ‚
1563 1046 1623 1083 sed
1648 1058 1668 1083 a
1692 1046 1802 1084 corde
1820 1049 1928 1086 etiam

327 1111 460 1148 habere
478 1139 486 1153 ‚
532 1111 574 1146 ab
596 1107 740 1157 ejusque
765 1109 800 1145 vi
830 1108 864 1144 δι
892 1106 1138 1144 contractione
1163 1106 1311 1143 demum
1338 1106 1492 1156 perfedte
1520 1105 1684 1143 distendi.

388 1168 529 1207 Verum
559 1169 781 1218 praecipuum
805 1167 839 1204 ἅ
870 1173 1003 1203 natura:
1035 1167 1257 1203 conveniens
1278 1167 1344 1202 iter
1372 1165 1577 1214 sanguinis,
1608 1177 1654 1203 ex
1688 1165 1819 1202 dextro
1848 1176 1928 1203 cor-

330 1230 384 1266 dis
414 1228 639 1270 ventriculo,
670 1228 794 1276 utique
811 1227 849 1263 in
865 1224 1114 1275 pulmonalem
1127 1226 1290 1262 arteriam
1315 1224 1423 1263 ducit.
1460 1224 1655 1263 Contrarfi'to
1673 1226 1770 1261 enim
1793 1224 1926 1267 corde,

329 1288 479 1329 valvulae
508 1286 647 1325 venosae
680 1286 812 1324 ostium
844 1285 888 1322 ad
917 1283 1113 1322 auriculam
1144 1284 1308 1333 patulum
1341 1283 1533 1327 claudunt,
1568 1290 1777 1321 removetur
1809 1283 1931 1332 paula-

329 1350 395 1387 tim
422 1348 465 1386 ab
493 1348 590 1384 aditu
618 1347 751 1383 arteriae
783 1343 1001 1394 pulmonalis
1034 1343 1172 1381 valvula
1197 1345 1353 1380 maxima
1383 1343 1480 1389 (s),
1516 1355 1596 1392 quae
1620 1355 1704 1380 eum
1730 1342 1868 1380 aditum
1893 1355 1930 1380 a-

329 1402 444 1457 perit,
480 1406 652 1456 quamdiu
686 1416 863 1442 mucrone
897 1403 960 1441 suo
988 1401 1106 1440 versus
1135 1404 1274 1451 apicem
1302 1402 1422 1440 cordis
1457 1402 1682 1439 extenditur:
1718 1409 1928 1439 removetur

329 1459 478 1516 inquam
504 1478 521 1503 a
553 1466 734 1503 columnis
762 1464 964 1512 sanguinis,
999 1474 1086 1511 quas
1115 1463 1234 1500 cordis
1264 1463 1414 1510 parietes
1442 1461 1486 1498 ad
1513 1461 1545 1498 se
1575 1463 1733 1499 invicem
1754 1461 1930 1499 acceden-

330 1533 382 1565 tes
410 1525 642 1575 propellunt,
679 1524 796 1572 deque
823 1523 910 1571 septi
940 1522 1060 1560 cordis
1086 1521 1168 1560 sede
1205 1520 1420 1571 depellitur,
1456 1521 1662 1570 ostiumque
1691 1522 1826 1558 arteriae
1847 1519 1929 1570 pul-

328 1584 484 1625 monalis
512 1585 666 1622 liberum
693 1583 864 1632 relinquit
889 1580 977 1632 (t).

387 1645 430 1683 In
453 1646 617 1682 arteriam
644 1644 688 1680 de
720 1641 923 1680 ventriculo
951 1641 1071 1679 cordis
1103 1640 1349 1691 prodeuntem
1378 1640 1590 1689 sanguinem
1609 1641 1757 1682 venire,
1791 1638 1930 1676 infinita

327 1704 433 1748 funt,
469 1717 546 1753 quae
571 1706 751 1741 evincunt.
788 1701 887 1739 Nam
915 1703 951 1738 in
972 1701 1094 1750 frigidi
1114 1701 1261 1751 quidem
1279 1700 1459 1749 sanguinis
1476 1699 1687 1737 animalibus
1713 1699 1840 1736 oculus
1862 1709 1929 1735 nu-

329 1764 413 1801 bem
446 1765 589 1800 rubram
618 1763 848 1811 sanguineam
884 1760 1040 1809 sequitur
1059 1789 1067 1803 ‚
1104 1773 1182 1810 quae
1218 1761 1262 1798 de
1293 1759 1504 1809 pallescente
1535 1759 1735 1796 ventriculo
1771 1760 1807 1794 in
1839 1763 1930 1793 arte-

328 1826 417 1860 riam
443 1825 516 1859 exit
537 1823 593 1869 (u
610 1821 650 1868 ),
687 1821 851 1868 hancque
868 1820 1046 1856 tumidam
1059 1820 1196 1861 reddit,
1232 1819 1501 1866 caeruleamque.
1530 1817 1695 1858 Deinde,
1732 1823 1771 1853 ut
1788 1815 1832 1852 ad
1845 1814 1930 1852 cali-

330 1882 374 1920 da
404 1880 565 1920 animalia
593 1880 800 1921 redeamus,
836 1880 959 1915 arteria
993 1877 1211 1926 pulmonalis
1237 1876 1385 1914 vinculo
1410 1875 1542 1923 injecto
1571 1883 1693 1923 turget
1718 1874 1828 1920 (x),
1863 1885 1928 1911 cor

329 1946 422 1979 inter
449 1943 483 1979 ἂι
512 1940 748 1990 pulmonem,
783 1946 890 1987 atque
916 1937 1006 1973 adeo
1037 1949 1055 1973 a
1081 1936 1192 1973 corde
1220 1935 1432 1984 sanguinem
1461 1936 1600 1982 accipit.
1637 1934 1807 1982 Denique
1830 1944 1930 1970 mor-

331 2002 369 2040 bi
388 2002 446 2040 hic
469 2002 575 2038 nobis
605 1999 846 2041 subveniunt,
883 1997 918 2033 &
949 2008 1017 2046 pro
1043 1996 1298 2045 experimentis
1314 1993 1403 2032 sunt.
1441 1992 1598 2039 Quoties
1627 2005 1757 2042 nempe
1782 1992 1929 2041 pulmo-

1843 2062 1929 2087 nem

398 2160 417 2189 p
436 2152 448 2185 δ
473 2151 640 2182 Εληιωιιίιιτ
659 2149 695 2179 de
717 2147 752 2178 Μ
766 2160 779 2179 ε
799 2158 815 2178 Α
829 2156 878 2178 na
904 2147 932 2177 in
961 2144 1116 2185 Wi’listum
1133 2146 1166 2175 de
1181 2144 1307 2184 fhhrz'lvus
1330 2154 1357 2184 p.
1386 2152 1433 2183 75.
1461 2143 1517 2174 GA
1532 2153 1551 2175 v
1566 2152 1580 2173 ε
1594 2152 1614 2172 τ
1641 2141 1660 2174 1.
1682 2151 1705 2174 c.
1731 2151 1759 2180 p.
1792 2149 1859 2176 124,

403 2194 447 2231 q)
473 2189 574 2231 Ojjbrv.
602 2197 672 2219 anat
686 2189 777 2228 pssche
802 2200 827 2228 p.
855 2195 880 2224 8,
914 2186 1027 2227 dlsfflrjb
1052 2194 1177 2219 ιιῑιιιΐοηι.
1204 2198 1232 2226 p.
1263 2187 1289 2217 8.

402 2234 448 2306 ἕξ
473 2243 499 2270 v·
528 2242 592 2269 354·
626 2240 691 2269 357·

399 2320 411 2342 t
435 2315 446 2348 )
469 2282 608 2349 gisrplse
631 2318 711 2342 motu
725 2309 878 2351 firnguinis
894 2320 941 2350 per
965 2321 1010 2340 ror
1037 2321 1064 2341 n.
1093 2316 1120 2343 6.

370 2354 445 2388 (ιι)
471 2356 539 2391 Exp.
561 2360 627 2391 487,
656 2357 719 2388 5¹6·
749 2362 761 2389 ς
788 2358 813 2382 6.
843 2364 907 2388 570.
937 2357 1001 2385 546-
1031 2359 1094 2388 548-
1129 2360 1195 2390 549.
1226 2359 1291 2390 551.
1327 2361 1392 2389 554.
1425 2350 1518 2382 Nicol.
1544 2349 1768 2381 Srsswowrs
1801 2345 1824 2377 F
1857 2344 1921 2377 Αᾶ-

330 2394 413 2431 Hafn
443 2395 512 2424 Ann.
540 2394 561 2423 11
593 2405 618 2431 p.
647 2403 711 2428 ¹4¹·
744 2393 768 2423 H
788 2404 895 2423 λινε
915 2402 922 2418 ¹
946 2395 1042 2423 Exere.
1070 2395 1088 2424 Ι.
1114 2403 1140 2432 p.
1166 2402 1210 2430 ³3-

368 2435 445 2474 (κ)
468 2437 579 2467 ςεεοπιί,
604 2435 748 2470 Memoire
764 2431 820 2474 sur
843 2435 866 2466 le
880 2440 1062 2469 mouvement
1085 2437 1126 2469 du
1135 2432 1212 2476 ,βᾶτε
1236 2436 1305 2473 Exp.
1330 2443 1377 2475 31.
1401 2432 1452 2466 PB
1466 2443 1550 2472 equ
1565 2443 1581 2466 s
1596 2442 1616 2465 'r
1634 2429 1695 2474 d1ffi
1720 2437 1801 2464 anat·
1823 2439 1853 2469 p·
1877 2431 1927 2467 34⁴

373 2153 385 2188 (

375 2194 386 2227 (

373 2235 384 2268 (

371 2274 383 2309 (

371 2316 383 2349 (
