2003 2748
377 129 1354 179 SECTLVELAMENTA.'
1561 136 1647 187 '277

66 242 192 288 praeter
219 234 417 272 mediastini
446 235 660 273 adscititium
690 234 935 273 velamentum
964 233 1077 285 (i),
1114 237 1148 273 &
1177 234 1370 278 intimam‚'
1409 234 1529 274 cordis
1560 247 1650 284 ope-

67 299 225 334 rimento
251 296 462 332 continuam
486 297 504 341 <
522 296 544 331 le
560 296 583 341 >.
607 296 768 331 tunicam
783 323 792 337 ,
840 302 999 331 teneram
1028 302 1239 343 utramque,
1285 307 1377 343 aque
1402 295 1528 333 mediis
1560 295 1647 333 vafis

68 355 258 404 separatam
285 353 387 401 (l),
420 353 511 390 nihil
540 355 645 390 etiam
673 354 711 388 in
738 352 929 401 elephanto
953 352 1052 402 (m)
1082 357 1237 402 reperit,
1272 353 1336 390 nifi
1362 354 1565 392 cellulosam
1595 361 1648 392 te·

68 414 164 456 lam,
199 426 277 462 quae
301 414 523 462 praecipuum
548 411 736 460 pericardii
768 413 880 449 robur
917 412 1029 449 faciat.
1064 412 1195 460 Neque
1227 413 1469 461 pericardium
1490 442 1499 456 ‚
1530 421 1599 451 ‘aut
1630 426 1650 451 a

69 472 234 521 scalpello
250 501 259 514 ,
292 479 353 508 aut
377 472 420 508 ab
448 471 532 508 oleo
561 470 694 507 vitrioli
716 471 915 513 irritatum,
949 479 1111 508 naturam
1129 472 1375 508 contractilem
1401 472 1646 516 demonstrat,

68 534 121 570 uti
143 531 289 580 quidem
317 536 412 567 certe
438 529 697 567 demonstraret
712 557 721 571 ‚
758 529 782 566 si
803 529 1010 567 musculosae
1034 538 1168 568 naturae
1185 532 1361 580 particeps
1378 529 1460 568 effer
1487 534 1542 579 (n
1559 532 1591 578 ).

126 589 196 628 Alii
223 589 417 626 anatomici
443 590 569 637 utique
599 590 720 626 minus
744 587 944 637 simplicem
971 588 1059 626 sacci
1087 590 1198 627 nostri
1224 589 1408 626 historiam
1443 590 1621 628 dederunt
1634 604 1651 635 ,·

71 649 106 686 &
123 650 286 697 inprimis
306 647 368 685 LA
383 659 407 684 N
422 659 586 688 c181us
602 676 611 690 ,
647 656 773 697 praeter
800 656 987 685 externam
1009 649 1045 685 δε
1070 656 1249 686 internam
1272 651 1431 686 tunicam
1454 676 1463 694 ,
1493 650 1653 687 mediam

37 709 194 760 ,utique
215 707 385 744 laminam
406 706 641 744 musculosam
665 707 855 751 describit,
891 709 993 755 cujus
1010 706 1106 745 fibrae
1128 709 1202 746 aliae
1226 708 1327 746 rectae
1348 707 1415 744 fint
1430 737 1439 751 ,
1477 709 1512 745 &
1537 722 1556 746 a
1584 708 1654 747 bafi

68 767 113 804 ad
144 767 263 804 cordis
281 778 498 804 mucronem
525 773 716 803 excurrant
745 769 852 813 (ο),
889 766 963 803 aliae
990 767 1188 805 transversae
1219 770 1235 814 (
1246 769 1305 815 p)
1340 767 1416 804 illas
1441 766 1649 806 decuffent:

70 838 265 875 earumque
295 837 406 875 porro
426 824 596 863 fibrarum
619 825 718 862 addit
732 853 742 867 ,
776 826 857 862 alias
879 825 1029 874 quidem
1050 826 1245 863 firmiffime
1268 828 1304 862 in
1326 825 1465 874 septum
1482 827 1655 864 transver-

68 885 146 923 sum
172 885 207 922 se
234 886 416 922 inmittere
433 913 443 927 ‚
476 885 558 922 alias
582 884 627 921 ad
649 884 755 921 latera
779 886 891 922 taeniae
919 885 1126 927 terminari,
1170 897 1250 934 quae
1280 884 1438 922 mediam
1465 886 1655 934 pericardii

59 943 341 992 longitudinem
367 944 510 981 dividat.

130 1003 235 1042 Hanc
269 1003 505 1040 musculosam
539 1003 727 1052 pericardii
760 1011 924 1041 naturam
956 1003 1051 1052 apud
1079 1002 1261 1041 Albertum
1292 1003 1541 1042 KYPERUM
1569 1005 1657 1052 (q)

57 1065 212 1112 vreperio
228 1091 236 1104 ‚
273 1063 335 1112 qui
359 1061 414 1098 his
435 1061 531 1099 fibris
553 1074 632 1099 eam
652 1062 725 1099 fere
758 1062 994 1099 directionem
1020 1063 1145 1099 tribuit
1162 1092 1170 1105 ‚
1209 1076 1288 1112 quae
1308 1063 1427 1100 cordis
1445 1064 1503 1100 est.
1539 1063 1657 1101 Dein-

72 1122 118 1159 de
143 1120 173 1170 J.
206 1120 413 1160 Wilhelmus
439 1120 536 1158 Pru
552 1132 600 1158 L1
632 1120 803 1158 fibrarum
836 1121 929 1159 duos
953 1121 1099 1158 ordines
1130 1122 1164 1158 se
1194 1121 1413 1159 decuffintes
1445 1121 1654 1171 descripsit,

72 1193 151 1230 quae
170 1180 304 1217 fortem
317 1181 566 1217 membranam
582 1178 736 1217 efficiant
755 1182 839 1227 (r).
868 1178 911 1216 Et
926 1181 962 1216 in
982 1181 1194 1218 mediastino
1212 1183 1323 1230 inque
1339 1181 1463 1229 pleura
1480 1181 1658 1219 vastiffimi

72 1239 234 1277 animalis
250 1238 331 1285 (s)
348 1238 628 1277 musculosarum
646 1239 807 1276 striarum
823 1239 969 1276 stratum
983 1252 1099 1288 nuper
1115 1241 1169 1276 vir
1187 1241 1350 1289 inprimis
1366 1239 1524 1277 curiosus
1543 1240 1659 1277 Sur-

74 1310 190 1337 LERUS
215 1299 356 1347 reperit.
390 1297 562 1347 Denique
583 1297 741 1345 Jacohus
770 1297 950 1344 Benigmts
978 1297 1035 1335 W
1049 1311 1059 1334 1
1075 1311 1097 1335 N
1114 1312 1129 1336 s
1143 1311 1164 1335 L
1178 1311 1250 1336 ow
1280 1300 1316 1335 δε
1335 1307 1405 1336 tres
1432 1299 1578 1336 laminas
1592 1312 1654 1348 pe-

70 1358 212 1396 ricardii
223 1364 409 1400 numerat,
446 1358 482 1394 &
508 1357 657 1400 mediae,
691 1370 710 1394 a
730 1369 799 1407 qua
819 1356 966 1401 firmitas
984 1359 1094 1396 totius
1116 1358 1205 1397 sacci
1230 1358 1388 1407 pendet,
1413 1357 1517 1395 fibras
1542 1359 1660 1396 tendi-

75 1430 157 1456 neas
174 1446 182 1460 ‚
218 1418 396 1454 intricatas
423 1417 549 1454 tribuit
572 1415 586 1462 (
607 1422 623 1452 t
640 1417 666 1462 ).

131 1476 247 1513 Porro
268 1476 366 1513 idem
381 1504 390 1518 ,
429 1488 539 1524 quem
563 1477 743 1513 continuo
769 1476 941 1518 excitavi,
976 1475 1162 1521 johannes
1193 1475 1400 1514 Wilhelmus
1424 1475 1555 1513 PAuL
1570 1489 1582 1513 1
1618 1476 1660 1514 fi.

74 1535 198 1586 phone
224 1534 312 1577 suo,
349 1535 385 1572 &
412 1546 502 1583 aqua
522 1535 614 1572 inter
640 1533 697 1571 fila
722 1534 889 1571 cellulosa
915 1533 1064 1583 impulsa
1081 1563 1091 1576 ,
1126 1535 1289 1583 quinque
1315 1536 1470 1572 omnino
1497 1537 1535 1572 in
1559 1536 1661 1574 lami-

76 1608 139 1633 nas
169 1592 408 1643 pericardium
438 1591 579 1636 divisit,
621 1593 834 1630 &totidem
863 1595 900 1629 in
927 1593 1101 1630 morboso
1133 1606 1289 1643 corpore
1317 1596 1455 1632 tunicas
1482 1595 1572 1632 vidit
1601 1593 1654 1632 ΙΙΙ.

76 1654 99 1692 S
114 1666 133 1690 ε
147 1665 170 1690 N
185 1666 208 1689 A
221 1665 241 1690 c
271 1653 370 1702 (u).
406 1651 548 1691 Verum
568 1651 726 1702 fiphonis
760 1653 910 1702 quidem
953 1654 1006 1690 vis
1027 1665 1155 1690 omnes
1173 1654 1400 1691 membranas
1426 1655 1464 1690 in
1488 1666 1662 1692 numero-

75 1713 125 1750 sas
143 1712 292 1750 laminas
311 1712 443 1761 separat
460 1742 469 1756 ‚
512 1714 640 1750 incerti
668 1714 835 1755 numeri,
874 1724 960 1762 quas
981 1712 1084 1750 nullo
1109 1711 1227 1750 cultro
1257 1712 1462 1760 distinguas.
1499 1713 1580 1751 Nos
1606 1726 1662 1751 eas

73 1774 179 1810 unice
191 1784 259 1821 pro
272 1771 415 1809 diversis
429 1774 560 1810 tunicis
576 1784 807 1809 numeramus
820 1800 829 1814 ,
862 1783 942 1820 quae
968 1773 1004 1808 ὃς
1037 1771 1154 1809 cultro
1168 1771 1316 1821 separari
1334 1770 1483 1821 poffunt
1502 1801 1512 1815 ,
1554 1774 1591 1810 Sc
1609 1773 1663 1810 di-

73 1830 208 1870 versam
221 1830 391 1869 fabricam
403 1831 509 1870 naftae
521 1830 610 1869 sunt.
646 1830 803 1869 Morbos
816 1830 935 1868 fallere
952 1830 1023 1881 ipse
1033 1842 1102 1880 pro
1115 1843 1165 1873 ea,
1187 1842 1257 1881 qua
1273 1831 1322 1869 est
1332 1831 1546 1880 prudentia,
1584 1831 1606 1868 S
1625 1843 1662 1868 E-

1586 1891 1666 1938 isa-4

116 1994 391 2034 (1)Depers}1ir.
417 2006 445 2026 n
481 2006 547 2033 15¹·

118 2037 166 2073 (k
184 2038 196 2072 )
219 2048 246 2067 n.
282 2047 346 2074 ¹52·

117 2077 131 2114 (
154 2078 191 2114 l)
213 2088 337 2113 n-157·

111 2123 123 2153 (
143 2120 196 2156 m)
222 2121 375 2148 Comment.
410 2117 499 2148 Acad.
532 2118 640 2154 Petrop.
665 2116 743 2148 Nov.
765 2115 800 2146 T.
825 2114 849 2147 Ῑ.
871 2127 898 2155 p.
927 2126 993 2155 370.

116 2158 130 2195 (
145 2169 166 2187 n
183 2160 196 2196 )
220 2159 243 2189 Z
256 2170 265 2188 1
279 2170 301 2188 M
313 2169 336 2188 M
348 2168 363 2187 ι
376 2168 392 2187 R
407 2169 429 2187 M
443 2169 459 2186 A
473 2169 492 2186 N
506 2167 527 2187 Ν
556 2159 589 2187 de
612 2157 810 2187 irritabilitate
829 2167 856 2195 p.
882 2168 909 2194 4.
938 2169 963 2194 5.

116 2200 197 2236 (o)
220 2200 236 2228 l.
259 2209 282 2228 c.
311 2200 391 2236 Prop.
423 2198 456 2228 V.
484 2209 511 2236 p.
543 2208 590 2228 21.

115 2239 164 2276 (p
183 2241 196 2276 )
218 2239 256 2270 T
281 2239 330 2269 111.
356 2239 374 2269 f.
400 2241 470 2269 2.1.
499 2239 519 2270 l.

116 2281 194 2318 (q)
217 2281 250 2309 de
274 2280 388 2310 humore
402 2281 555 2317 perimi-dii
581 2289 608 2309 n.
638 2290 684 2310 20.

118 2320 193 2358 (r)
216 2320 248 2350 In
268 2331 360 2358 progr
375 2320 529 2358 destphone
549 2327 645 2350 anuto
647 2330 708 2349 mco
733 2319 804 2357 Lips.
829 2328 915 2357 1721.
941 2320 1038 2356 edito,
1068 2322 1106 2350 &
1117 2320 1236 2352 recuso
1229 2330 1258 2350 m
1282 2319 1378 2351 collefl.
1403 2319 1487 2361 nostr.
1500 2320 1546 2358 ΕΤ.
1570 2321 1618 2353 VI.

119 2361 192 2398 (5)
216 2361 327 2391 Manati
351 2364 504 2392 Comment.
534 2363 608 2392 Nov.
631 2362 723 2392 Acad.
746 2363 823 2392 Petr.
851 2362 885 2392 T.
912 2361 948 2392 11.
968 2371 999 2400 p.
1027 2371 1094 2400 314-

119 2402 167 2437 (ε
190 2404 201 2438 )
225 2402 241 2431 l
269 2412 295 2431 c·
327 2412 354 2432 n
376 2412 427 2439 79·

119 2443 133 2478 (
150 2452 170 2472 u
186 2443 199 2480 )
222 2442 240 2472 l.
367 2452 407 2473 ιι.

1043 2487 1089 2525 Μ
1119 2499 1159 2525 m
1203 2498 1221 2532 3
