2003 2748
317 161 400 201 246
554 148 682 189 ΜΒ.
736 143 845 184 111.
913 142 1269 184 CIRCUITUS*
1311 137 1668 188 SANGu'iNis.

374 245 556 294 Helfricus
582 243 619 281 D
634 255 646 279 1
662 254 681 280 E
694 254 719 279 T
733 254 752 279 E
770 253 819 278 RI
835 253 855 278 c
869 253 890 278 u
905 254 919 279 s
945 240 1018 290 ipse
1037 241 1188 290 quidem
1208 239 1272 278 fibi
1292 242 1387 280 testis
1410 242 1480 285 est,
1516 242 1550 280 se
1572 256 1669 282 anno
1690 256 1704 280 1
1718 251 1808 285 622.
1832 249 1916 298 Cass.

314 316 404 356 paro
432 304 502 342 Ho
515 316 534 340 F
551 315 580 340 M
593 315 615 339 A
628 314 651 338 N
666 314 691 338 N
705 314 728 339 o
750 301 849 339 suam
870 301 915 338 de
938 300 1175 338 circulatione
1198 300 1379 350 sanguinis
1402 301 1614 340 sententiam
1632 305 1822 353 aperuisse,
1853 310 1914 346 fri-

319 366 408 415 gido
428 370 549 401 autem
576 362 675 401 docli
697 362 765 398 viri
788 362 876 409 joco
899 360 1126 398 absterritum
1145 373 1223 398 rem
1246 359 1433 399 deseruisse
1463 364 1480 406 [
1491 367 1518 408 y
1533 362 1560 409 ].
1595 362 1700 400 Nihil
1716 371 1838 403 autem
1852 368 1915 405 iste

321 423 471 475 quidem
489 423 542 460 vir
564 420 749 471 praestitit,
789 433 853 458 cur
879 426 1023 458 tantum
1051 421 1244 458 inventum
1270 421 1315 458 ab
1342 429 1387 458 eo
1413 420 1666 471 exspectemus,

692 520 724 561 ξ.
759 514 801 554 X
817 513 858 553 X
875 510 925 552 X.
993 514 1116 563 Neque
1141 514 1291 554 aliorum
1312 521 1535 564 nuperormn,

384 617 435 655 Ita
456 625 574 663 neque
611 611 764 649 Thomas
791 609 829 648 H
846 622 965 648 ΔΚΜ
982 622 1042 647 OT
1058 639 1068 653 ,
1108 622 1154 648 ex
1179 611 1331 658 algebrae
1361 613 1576 661 cognitione
1593 640 1602 655 ‚
1639 615 1676 651 Sc
1705 612 1764 653 sua
1794 615 1925 665 regula:

327 677 498 719 celebris,
536 671 734 722 quidquam
772 678 833 707 aut
856 669 988 719 scrIpfit
1019 670 1127 717 [z],
1168 679 1228 711 aut
1259 670 1407 708 molitus
1438 671 1507 713 est,
1546 684 1610 709 cur
1644 671 1916 713 LINDENIO

328 739 416 782 [a]
439 735 651 774 credamus,
689 731 752 779 qui
780 730 869 766 novi
901 730 1041 767 inventi
1075 728 1221 766 laudem
1249 728 1313 778 ipfi
1341 731 1499 768 tribuere
1526 732 1685 774 mavult,
1717 734 1926 784 testemque·

329 796 460 833 excitat
476 823 486 837 ‚
523 793 586 843 qui
610 802 655 828 ex
681 788 717 828 H
731 800 753 825 A
769 801 790 826 a
803 801 826 826 v
841 800 860 826 ε
875 800 887 824 1
903 800 926 826 ο
950 787 1127 826 audiverit
1145 817 1155 832 ‚
1199 787 1426 829 occasionem
1444 791 1654 840 inquirendi
1677 791 1711 829 se
1734 793 1777 830 ab
1794 792 1831 831 H
1842 806 1865 830 A
1879 807 1929 832 aa

331 868 353 892 n
366 868 378 892 1
395 867 417 892 0
431 867 454 891 T
467 867 490 891 o
526 848 704 900 accepisse.

389 913 597 951 Honoratus
625 909 651 947 F
664 920 808 951 ΑΒΜ,
858 908 1000 946 alterius
1036 908 1173 945 ordinis
1200 908 1400 947 monachus
1417 937 1426 951 ‚
1465 909 1578 947 ferrea
1608 909 1729 947 fronte
1758 910 1823 948 fibi
1857 911 1922 961 ipfi

331 972 367 1012 H
380 986 402 1010 A
416 986 438 1010 R
451 984 507 1014 ν’,Ε
523 984 535 1008 1
552 984 563 1007 1
596 971 787 1006 inventum
813 967 1009 1005 vindicavit
1038 969 1055 1014 <
1071 967 1092 1004 Ζ)
1111 968 1130 1014 )
1148 996 1156 1010 ‚
1192 968 1295 1018 quod
1317 970 1354 1005 in
1372 967 1613 1006 dissertatione
1636 969 1755 1007 nescio
1774 982 1843 1020 qua
1859 983 1922 1008 an-

332 1045 383 1070 no
415 1037 533 1075 1638.
569 1028 773 1078 exposuerit
798 1055 806 1070 ,
861 1039 948 1064 cum
972 1026 1062 1064 liber
1091 1025 1128 1064 H
1144 1039 1200 1064 AR
1215 1040 1237 1063 v
1253 1038 1271 1063 E
1288 1040 1300 1064 1
1318 1040 1331 1064 1
1366 1039 1443 1065 non
1465 1027 1658 1077 prodiisset.
1693 1027 1835 1068 Verum
1859 1031 1931 1068 iste

332 1092 422 1129 liber
447 1102 524 1128 non
552 1100 649 1127 anno
697 1093 818 1130 1639.
854 1086 912 1124 sed
943 1098 1042 1123 anno
1074 1091 1194 1128 1628.
1227 1087 1420 1136 prodierat.
1456 1087 1590 1138 Neque
1617 1088 1767 1125 Petrum
1796 1088 1826 1126 L
1843 1102 1863 1127 A
1881 1102 1925 1128 u-

336 1165 359 1189 R
371 1164 390 1189 E
405 1164 432 1188 m
450 1163 468 1187 Β
480 1162 499 1187 E
512 1162 535 1186 R
547 1161 572 1185 G
587 1161 599 1185 1
614 1159 634 1184 u
650 1160 679 1184 Μ
708 1146 861 1196 proprio
887 1153 999 1183 marte
1021 1146 1216 1183 circuitum
1234 1146 1416 1194 sanguinis
1443 1146 1612 1185 detexisse
1643 1147 1831 1197 quisquam
1848 1161 1926 1186 cre-

337 1212 492 1252 diderit,
538 1207 598 1245 etsi
624 1209 652 1243 is
677 1206 827 1255 quidem
846 1206 899 1243 vir
926 1204 1056 1254 absque
1084 1203 1192 1242 ullius
1217 1206 1369 1244 auctoris
1401 1207 1511 1244 citato
1530 1208 1682 1244 nomine
1711 1207 1844 1246 illustre
1869 1209 1924 1245 in.-

336 1277 488 1309 ventum
518 1265 696 1316 descripsit
723 1266 808 1312 (c),

636 1381 667 1422 ξ.
703 1375 746 1414 X
763 1374 805 1413 X
822 1373 863 1414 X
880 1373 905 1412 I.
973 1375 1095 1424 Neque
1121 1375 1311 1423 Sinenstmn
1336 1382 1398 1413 aut
1424 1375 1628 1425 Perfiirzmn

396 1473 466 1512 Alii
491 1473 680 1522 scriptores
697 1500 706 1514 ,
745 1471 862 1508 alieno
888 1477 983 1507 certe
997 1470 1081 1508 loco
1098 1471 1237 1519 arguti,
1269 1472 1307 1508 in
1334 1477 1511 1508 remotam
1529 1477 1680 1519 gentem
1690 1483 1767 1509 rem
1780 1470 1930 1511 eruditae

339 1534 485 1573 Grceciae
515 1534 718 1580 ignoratam
741 1529 1004 1567 transtulerunt.
1041 1530 1204 1568 Sinenses
1232 1528 1289 1579 (d
1303 1528 1318 1579 )
1349 1530 1498 1580 quidem
1523 1530 1644 1568 nescio
1674 1544 1785 1581 quem
1808 1532 1929 1570 mons-

337 1593 476 1631 trosum
503 1592 684 1640 sanguinis
712 1598 858 1627 motum
880 1590 971 1627 adeo
993 1589 1152 1627 fabulose
1179 1589 1412 1634 describunt,
1447 1597 1489 1628 ut
1512 1602 1557 1627 ex
1582 1602 1679 1630 mera
1700 1593 1931 1640 imaginatio-

339 1665 385 1691 ne
414 1651 618 1688 desumtum
636 1649 702 1687 effe
726 1651 906 1687 continuo
931 1649 1157 1687 manifestum
1176 1648 1226 1687 fit.
1261 1646 1317 1687 Ab
1338 1657 1505 1688 anatome
1518 1649 1680 1699 alioquin
1700 1651 1805 1688 alieni
1819 1650 1899 1688 sunt
1915 1679 1925 1693 ,

340 1719 381 1749 ut
401 1712 444 1748 ab
466 1712 569 1748 omni
594 1711 664 1747 alio
686 1709 896 1746 mortalium
918 1721 1052 1757 genere
1075 1710 1198 1758 potius
1230 1708 1427 1757 ejusmodi,
1454 1721 1532 1747 non
1553 1711 1592 1746 in
1608 1712 1730 1759 aprico
1752 1718 1847 1748 certe
1864 1713 1931 1760 po-

341 1769 441 1808 fitam
475 1771 640 1818 corporis
659 1770 806 1805 animati
826 1768 1052 1805 functionem
1065 1798 1075 1812 ‚
1107 1768 1292 1818 exspertes.

402 1829 543 1866 Mirum
568 1829 642 1871 est,
686 1827 788 1876 quod
813 1838 928 1876 nuper
957 1829 997 1863 in
1028 1827 1153 1865 litteris
1185 1827 1252 1864 suis
1282 1826 1500 1865 docliffimus
1527 1829 1690 1868 medicus
1725 1827 1931 1877 Francifcus

342 1888 376 1927 T
390 1901 415 1925 H
430 1901 441 1924 1
458 1899 478 1924 ε
493 1899 583 1924 RRY
617 1886 707 1924 mihi
743 1887 881 1935 aperuit
902 1915 911 1929 ‚
949 1887 986 1923 &
1021 1898 1092 1934 ego
1123 1886 1272 1935 quidem
1301 1885 1456 1923 evolutis
1489 1886 1625 1936 scriptis
1655 1888 1686 1926 C
1701 1900 1761 1925 HA
1776 1900 1834 1924 RD
1852 1899 1900 1924 IN
1915 1899 1930 1924 1

344 1948 429 1996 (e)
459 1948 614 1985 omnino
643 1948 689 1983 ita
708 1944 740 1982 se
769 1945 899 1982 habere
927 1946 1052 1994 reperi.
1086 1944 1195 1982 Persae
1221 1945 1355 1983 medici
1382 1944 1445 1982 fibi
1473 1945 1614 1984 dudum
1639 1954 1770 1985 notum
1790 1947 1933 1995 sangui-

344 2009 400 2044 nis
425 2008 618 2044 circuitum
643 2016 768 2043 coram
797 2017 866 2047 eo,
905 2011 1012 2043 cauto
1037 2004 1116 2042 satis
1143 2006 1246 2047 viro,
1277 2004 1422 2052 gloriati
1443 2004 1543 2042 sunt:
1581 2007 1625 2044 ab
1645 2007 1816 2044 omnibus
1834 2007 1934 2043 enim

344 2066 413 2104 suis
445 2068 654 2115 graviorum
683 2062 823 2112 casuum
855 2065 1034 2102 indiCibus
1056 2066 1197 2112 impura
1217 2065 1337 2101 vocari
1366 2064 1553 2110 animalia,
1590 2078 1668 2115 quae
1696 2065 1932 2103 circulantem

344 2125 557 2174 sanguinem
588 2125 685 2162 nacta
715 2134 793 2160 non
816 2122 910 2166 sint,
944 2124 979 2160 &
1008 2122 1200 2161 discrimen
1224 2123 1300 2161 fieri
1320 2125 1414 2162 inter
1435 2137 1473 2163 ea
1489 2152 1501 2168 ‚
1551 2126 1682 2175 quibus
1699 2125 1874 2164 circulum
1892 2135 1933 2161 o-

1879 2183 1933 2233 bit

388 2240 457 2278 (y)
481 2239 514 2268 Ῐη
528 2240 660 2268 vindiciis
682 2237 813 2278 advcrfics
834 2239 860 2270 T
873 2249 891 2270 Α
904 2250 921 2270 c
939 2250 960 2270 H
971 2251 985 2270 E
997 2250 1020 2270 N
1031 2252 1041 2270 1
1053 2249 1072 2271 u
1084 2252 1117 2271 M.
1900 2254 1914 2262 —

388 2281 730 2317 (z)W01->ronl.
763 2290 785 2310 c.
811 2291 840 2318 p.
867 2290 933 2317 25¹·

389 2322 402 2357 (
419 2332 436 2349 a
454 2324 466 2355 )
489 2321 515 2350 H
530 2331 538 2349 i
555 2331 570 2349 P
584 2330 598 2348 P
615 2330 632 2349 o
645 2330 663 2349 c
676 2330 697 2350 R
711 2332 728 2351 A
742 2330 765 2352 '1'
779 2332 792 2350 r.
807 2332 819 2350 s
841 2322 874 2350 de
894 2323 1077 2351 circulatione
1091 2319 1242 2362 fizuguinis
1257 2330 1285 2353 n.
1305 2323 1373 2359 196.

389 2363 459 2397 (h)
486 2364 526 2390 De
541 2361 652 2389 homine
674 2361 704 2390 L.
733 2362 753 2391 1.
780 2361 890 2399 Propos.
914 2372 941 2393 2.
959 2372 985 2399 p.
1009 2372 1078 2401 204.

389 2403 432 2437 (c
451 2403 462 2437 )
484 2401 517 2430 ln
541 2402 646 2439 collegio
664 2404 822 2431 anatomico
840 2403 917 2432 edito
942 2412 1006 2433 ann.
1031 2407 1118 2441 1636.

390 2442 438 2477 (ιί
458 2443 468 2475 )
492 2442 513 2471 C
528 2451 566 2470 rix
581 2452 601 2470 Y
616 2452 660 2471 ER
694 2445 764 2479 spec.
797 2443 880 2472 Μειί.
904 2443 987 2472 Sinic.
1016 2453 1042 2481 p.
1069 2450 1116 2482 84.
1142 2445 1196 2475 &a

391 2483 437 2519 (J
458 2483 470 2520 )
497 2483 530 2513 ln
556 2483 696 2514 itinerum
723 2483 760 2514 T.
791 2480 833 2514 V.
855 2492 883 2521 p.
912 2492 979 2523 292.
1005 2485 1049 2516 ed.
1077 2483 1167 2524 Parzs
1189 2490 1277 2524 1723.v
