<?xml version="1.0" encoding="UTF-8"?>
<!DOCTYPE html PUBLIC "-//W3C//DTD XHTML 1.0 Transitional//EN"
    "http://www.w3.org/TR/xhtml1/DTD/xhtml1-transitional.dtd">
<html xmlns="http://www.w3.org/1999/xhtml" xml:lang="en" lang="en">
 <head>
  <title>
</title>
<meta http-equiv="Content-Type" content="text/html;charset=utf-8" />
  <meta name='ocr-system' content='tesseract 3.04.00' />
  <meta name='ocr-capabilities' content='ocr_page ocr_carea ocr_par ocr_line ocrx_word'/>
</head>
<body>
  <div class='ocr_page' id='page_1' title='image "./elementaphysiolo01hall_0402.png"; bbox 0 0 2003 2748; ppageno 0'>
   <div class='ocr_carea' id='block_1_1' title="bbox 350 131 1437 182">
    <p class='ocr_par' dir='ltr' id='par_1_1' title="bbox 350 131 1437 182">
     <span class='ocr_line' id='line_1_1' title="bbox 350 131 1437 182; baseline -0.002 -9"><span class='ocrx_word' id='word_1_1' title='bbox 350 141 432 182; x_wconf 84' lang='lat'>376</span> <span class='ocrx_word' id='word_1_2' title='bbox 873 131 1194 172; x_wconf 86' lang='lat' dir='ltr'>LIB.IV.</span> <span class='ocrx_word' id='word_1_3' title='bbox 1261 133 1437 174; x_wconf 86' lang='lat' dir='ltr'><strong>COR.</strong></span> 
     </span>
    </p>
   </div>
   <div class='ocr_carea' id='block_1_2' title="bbox 328 228 1955 1652">
    <p class='ocr_par' dir='ltr' id='par_1_2' title="bbox 328 228 1955 1652">
     <span class='ocr_line' id='line_1_2' title="bbox 342 228 1955 282; baseline 0.002 -14"><span class='ocrx_word' id='word_1_4' title='bbox 342 232 438 269; x_wconf 81' lang='lat' dir='ltr'>riam</span> <span class='ocrx_word' id='word_1_5' title='bbox 466 233 483 278; x_wconf 82' lang='grc'><strong><em>&lt;</em></strong></span> <span class='ocrx_word' id='word_1_6' title='bbox 502 231 559 278; x_wconf 82' lang='lat' dir='ltr'>q)</span> <span class='ocrx_word' id='word_1_7' title='bbox 592 228 684 267; x_wconf 85' lang='lat' dir='ltr'>dixit</span> <span class='ocrx_word' id='word_1_8' title='bbox 707 257 716 271; x_wconf 94' lang='lat'>‚</span> <span class='ocrx_word' id='word_1_9' title='bbox 753 228 886 279; x_wconf 87' lang='lat' dir='ltr'>aliique</span> <span class='ocrx_word' id='word_1_10' title='bbox 909 236 1074 267; x_wconf 88' lang='lat' dir='ltr'>veterum</span> <span class='ocrx_word' id='word_1_11' title='bbox 1092 258 1102 272; x_wconf 89' lang='lat'>,</span> <span class='ocrx_word' id='word_1_12' title='bbox 1141 230 1204 279; x_wconf 91' lang='lat' dir='ltr'>qui</span> <span class='ocrx_word' id='word_1_13' title='bbox 1228 241 1367 268; x_wconf 88' lang='lat' dir='ltr'>nomen</span> <span class='ocrx_word' id='word_1_14' title='bbox 1393 230 1437 267; x_wconf 91' lang='lat' dir='ltr'>ab</span> <span class='ocrx_word' id='word_1_15' title='bbox 1462 230 1538 277; x_wconf 86' lang='lat' dir='ltr'>ejus</span> <span class='ocrx_word' id='word_1_16' title='bbox 1571 242 1672 268; x_wconf 84' lang='lat' dir='ltr'>venae</span> <span class='ocrx_word' id='word_1_17' title='bbox 1703 231 1795 270; x_wconf 85' lang='lat' dir='ltr'>circa</span> <span class='ocrx_word' id='word_1_18' title='bbox 1820 234 1955 282; x_wconf 83' lang='lat' dir='ltr'>margi-</span> 
     </span>
     <span class='ocr_line' id='line_1_3' title="bbox 341 288 1952 340; baseline 0.001 -12"><span class='ocrx_word' id='word_1_19' title='bbox 341 303 428 328; x_wconf 89' lang='lat' dir='ltr'>nem</span> <span class='ocrx_word' id='word_1_20' title='bbox 451 289 621 328; x_wconf 87' lang='lat' dir='ltr'>obtusum</span> <span class='ocrx_word' id='word_1_21' title='bbox 649 288 950 327; x_wconf 85' lang='lat' dir='ltr'>circumflexione</span> <span class='ocrx_word' id='word_1_22' title='bbox 969 289 1162 328; x_wconf 83' lang='lat' dir='ltr'>finxerunt.</span> <span class='ocrx_word' id='word_1_23' title='bbox 1198 289 1354 327; x_wconf 86' lang='lat' dir='ltr'>Grandis</span> <span class='ocrx_word' id='word_1_24' title='bbox 1375 296 1471 328; x_wconf 88' lang='lat' dir='ltr'>certe</span> <span class='ocrx_word' id='word_1_25' title='bbox 1499 301 1589 327; x_wconf 89' lang='lat' dir='ltr'>vena</span> <span class='ocrx_word' id='word_1_26' title='bbox 1613 290 1663 327; x_wconf 85' lang='lat' dir='ltr'>est</span> <span class='ocrx_word' id='word_1_27' title='bbox 1686 290 1790 340; x_wconf 84' lang='lat' dir='ltr'>(r),</span> <span class='ocrx_word' id='word_1_28' title='bbox 1823 291 1848 329; x_wconf 92' lang='lat' dir='ltr'><strong>fi</strong></span> <span class='ocrx_word' id='word_1_29' title='bbox 1865 305 1952 330; x_wconf 86' lang='lat' dir='ltr'>cum</span> 
     </span>
     <span class='ocr_line' id='line_1_4' title="bbox 340 347 1950 399; baseline 0.001 -11"><span class='ocrx_word' id='word_1_30' title='bbox 340 350 520 388; x_wconf 85' lang='lat' dir='ltr'>mediocri</span> <span class='ocrx_word' id='word_1_31' title='bbox 544 349 664 387; x_wconf 85' lang='lat' dir='ltr'>cordis</span> <span class='ocrx_word' id='word_1_32' title='bbox 687 349 852 399; x_wconf 87' lang='lat' dir='ltr'>pondere</span> <span class='ocrx_word' id='word_1_33' title='bbox 882 349 1089 387; x_wconf 76' lang='lat' dir='ltr'>contuleris.</span> <span class='ocrx_word' id='word_1_34' title='bbox 1141 348 1287 388; x_wconf 87' lang='lat' dir='ltr'>Ostium</span> <span class='ocrx_word' id='word_1_35' title='bbox 1317 349 1365 399; x_wconf 89' lang='lat' dir='ltr'>(s</span> <span class='ocrx_word' id='word_1_36' title='bbox 1383 347 1398 399; x_wconf 87' lang='lat'><em>)</em></span> <span class='ocrx_word' id='word_1_37' title='bbox 1416 378 1424 392; x_wconf 93' lang='lat'>‚</span> <span class='ocrx_word' id='word_1_38' title='bbox 1474 349 1577 399; x_wconf 88' lang='lat' dir='ltr'>quod</span> <span class='ocrx_word' id='word_1_39' title='bbox 1611 349 1729 398; x_wconf 89' lang='lat' dir='ltr'>aliqua</span> <span class='ocrx_word' id='word_1_40' title='bbox 1762 350 1950 399; x_wconf 88' lang='lat' dir='ltr'>fingularia</span> 
     </span>
     <span class='ocr_line' id='line_1_5' title="bbox 340 408 1950 458; baseline 0.001 -12"><span class='ocrx_word' id='word_1_41' title='bbox 340 409 447 446; x_wconf 89' lang='lat' dir='ltr'>habet</span> <span class='ocrx_word' id='word_1_42' title='bbox 464 437 473 452; x_wconf 93' lang='lat'>‚</span> <span class='ocrx_word' id='word_1_43' title='bbox 509 411 666 458; x_wconf 89' lang='lat' dir='ltr'>aperitur</span> <span class='ocrx_word' id='word_1_44' title='bbox 694 411 732 446; x_wconf 90' lang='lat' dir='ltr'>in</span> <span class='ocrx_word' id='word_1_45' title='bbox 757 409 924 447; x_wconf 81' lang='lat' dir='ltr'>auriculae</span> <span class='ocrx_word' id='word_1_46' title='bbox 951 409 1086 446; x_wconf 82' lang='lat' dir='ltr'>dextrae</span> <span class='ocrx_word' id='word_1_47' title='bbox 1113 408 1241 446; x_wconf 87' lang='lat' dir='ltr'>faciem</span> <span class='ocrx_word' id='word_1_48' title='bbox 1273 409 1538 458; x_wconf 89' lang='lat' dir='ltr'>posteriorem,</span> <span class='ocrx_word' id='word_1_49' title='bbox 1577 409 1621 446; x_wconf 89' lang='lat' dir='ltr'>ad</span> <span class='ocrx_word' id='word_1_50' title='bbox 1650 408 1827 448; x_wconf 76' lang='lat' dir='ltr'>sinistrum</span> <span class='ocrx_word' id='word_1_51' title='bbox 1860 410 1950 449; x_wconf 84' lang='lat' dir='ltr'>latus</span> 
     </span>
     <span class='ocr_line' id='line_1_6' title="bbox 339 467 1952 518; baseline 0.001 -12"><span class='ocrx_word' id='word_1_52' title='bbox 339 469 439 507; x_wconf 84' lang='lat' dir='ltr'>anuli</span> <span class='ocrx_word' id='word_1_53' title='bbox 458 468 592 512; x_wconf 79' lang='lat' dir='ltr'>ovahs,</span> <span class='ocrx_word' id='word_1_54' title='bbox 625 470 661 506; x_wconf 70' lang='grc' dir='ltr'>δε</span> <span class='ocrx_word' id='word_1_55' title='bbox 687 476 875 518; x_wconf 82' lang='lat' dir='ltr'>prognatae</span> <span class='ocrx_word' id='word_1_56' title='bbox 893 481 938 506; x_wconf 85' lang='lat' dir='ltr'>ex</span> <span class='ocrx_word' id='word_1_57' title='bbox 963 481 1008 506; x_wconf 87' lang='lat' dir='ltr'>eo</span> <span class='ocrx_word' id='word_1_58' title='bbox 1029 468 1139 506; x_wconf 88' lang='lat' dir='ltr'>anulo</span> <span class='ocrx_word' id='word_1_59' title='bbox 1160 467 1401 506; x_wconf 86' lang='lat' dir='ltr'>Eustachianae</span> <span class='ocrx_word' id='word_1_60' title='bbox 1427 469 1584 507; x_wconf 86' lang='lat' dir='ltr'>valvulae.</span> <span class='ocrx_word' id='word_1_61' title='bbox 1620 468 1672 507; x_wconf 89' lang='lat' dir='ltr'>Ita</span> <span class='ocrx_word' id='word_1_62' title='bbox 1697 472 1874 518; x_wconf 83' lang='lat' dir='ltr'>aperitur,</span> <span class='ocrx_word' id='word_1_63' title='bbox 1909 477 1952 508; x_wconf 80' lang='lat' dir='ltr'>ut</span> 
     </span>
     <span class='ocr_line' id='line_1_7' title="bbox 340 527 1950 579; baseline 0.002 -14"><span class='ocrx_word' id='word_1_64' title='bbox 340 528 472 578; x_wconf 87' lang='lat' dir='ltr'>stylum</span> <span class='ocrx_word' id='word_1_65' title='bbox 500 541 545 566; x_wconf 84' lang='lat' dir='ltr'>ex</span> <span class='ocrx_word' id='word_1_66' title='bbox 568 529 725 567; x_wconf 76' lang='lat' dir='ltr'>auricula</span> <span class='ocrx_word' id='word_1_67' title='bbox 753 529 872 567; x_wconf 80' lang='lat' dir='ltr'>versus</span> <span class='ocrx_word' id='word_1_68' title='bbox 894 528 1065 567; x_wconf 90' lang='lat' dir='ltr'>obtusum</span> <span class='ocrx_word' id='word_1_69' title='bbox 1088 529 1291 576; x_wconf 83' lang='lat' dir='ltr'>marginem</span> <span class='ocrx_word' id='word_1_70' title='bbox 1322 528 1496 566; x_wconf 89' lang='lat' dir='ltr'>admittat.</span> <span class='ocrx_word' id='word_1_71' title='bbox 1545 527 1621 568; x_wconf 88' lang='lat' dir='ltr'>Ora</span> <span class='ocrx_word' id='word_1_72' title='bbox 1647 541 1770 573; x_wconf 77' lang='lat' dir='ltr'>venae‚</span> <span class='ocrx_word' id='word_1_73' title='bbox 1812 541 1881 579; x_wconf 82' lang='lat' dir='ltr'>qua</span> <span class='ocrx_word' id='word_1_74' title='bbox 1910 531 1950 568; x_wconf 86' lang='lat' dir='ltr'>in</span> 
     </span>
     <span class='ocr_line' id='line_1_8' title="bbox 337 587 1953 639; baseline 0.001 -13"><span class='ocrx_word' id='word_1_75' title='bbox 337 600 462 627; x_wconf 90' lang='lat' dir='ltr'>aurem</span> <span class='ocrx_word' id='word_1_76' title='bbox 488 597 608 638; x_wconf 82' lang='lat' dir='ltr'>patet,</span> <span class='ocrx_word' id='word_1_77' title='bbox 647 589 826 638; x_wconf 88' lang='lat' dir='ltr'>posterior</span> <span class='ocrx_word' id='word_1_78' title='bbox 850 588 977 626; x_wconf 57' lang='lat' dir='ltr'>resecta</span> <span class='ocrx_word' id='word_1_79' title='bbox 997 589 1071 631; x_wconf 86' lang='lat' dir='ltr'>est,</span> <span class='ocrx_word' id='word_1_80' title='bbox 1106 589 1264 626; x_wconf 86' lang='lat' dir='ltr'>anterior</span> <span class='ocrx_word' id='word_1_81' title='bbox 1290 588 1548 627; x_wconf 81' lang='lat' dir='ltr'>semilunarem</span> <span class='ocrx_word' id='word_1_82' title='bbox 1570 588 1750 626; x_wconf 77' lang='lat' dir='ltr'>valvulam</span> <span class='ocrx_word' id='word_1_83' title='bbox 1780 587 1953 639; x_wconf 82' lang='lat' dir='ltr'>praepofi-</span> 
     </span>
     <span class='ocr_line' id='line_1_9' title="bbox 338 647 1948 698; baseline -0.001 -12"><span class='ocrx_word' id='word_1_84' title='bbox 338 657 412 686; x_wconf 84' lang='lat' dir='ltr'>tam</span> <span class='ocrx_word' id='word_1_85' title='bbox 440 648 575 691; x_wconf 89' lang='lat' dir='ltr'>habet,</span> <span class='ocrx_word' id='word_1_86' title='bbox 624 661 734 698; x_wconf 89' lang='lat' dir='ltr'>quam</span> <span class='ocrx_word' id='word_1_87' title='bbox 766 647 1094 686; x_wconf 78' lang='lat' dir='ltr'><strong>EUSTACHIUS</strong></span> <span class='ocrx_word' id='word_1_88' title='bbox 1127 648 1207 697; x_wconf 76' lang='lat' dir='ltr'>(t)</span> <span class='ocrx_word' id='word_1_89' title='bbox 1243 648 1384 685; x_wconf 88' lang='lat' dir='ltr'>invenit</span> <span class='ocrx_word' id='word_1_90' title='bbox 1404 677 1413 691; x_wconf 91' lang='lat'>‚</span> <span class='ocrx_word' id='word_1_91' title='bbox 1451 647 1833 687; x_wconf 67' lang='lat' dir='ltr'>BARTH0L1Nus</span> <span class='ocrx_word' id='word_1_92' title='bbox 1859 648 1948 696; x_wconf 81' lang='lat' dir='ltr'>(u)</span> 
     </span>
     <span class='ocr_line' id='line_1_10' title="bbox 336 707 1947 758; baseline -0.001 -12"><span class='ocrx_word' id='word_1_93' title='bbox 336 708 431 746; x_wconf 58' lang='lat' dir='ltr'>recte</span> <span class='ocrx_word' id='word_1_94' title='bbox 451 721 520 758; x_wconf 92' lang='lat' dir='ltr'>pro</span> <span class='ocrx_word' id='word_1_95' title='bbox 548 707 786 746; x_wconf 87' lang='lat' dir='ltr'>Guiffartiana</span> <span class='ocrx_word' id='word_1_96' title='bbox 813 708 954 746; x_wconf 91' lang='lat' dir='ltr'>valvula</span> <span class='ocrx_word' id='word_1_97' title='bbox 980 707 1131 750; x_wconf 86' lang='lat' dir='ltr'>habuit,</span> <span class='ocrx_word' id='word_1_98' title='bbox 1166 707 1331 756; x_wconf 91' lang='lat' dir='ltr'>plerique</span> <span class='ocrx_word' id='word_1_99' title='bbox 1355 708 1447 755; x_wconf 84' lang='lat' dir='ltr'>(x)</span> <span class='ocrx_word' id='word_1_100' title='bbox 1478 719 1566 744; x_wconf 88' lang='lat' dir='ltr'>vero</span> <span class='ocrx_word' id='word_1_101' title='bbox 1589 709 1784 745; x_wconf 83' lang='lat' dir='ltr'>anatomici</span> <span class='ocrx_word' id='word_1_102' title='bbox 1802 720 1947 757; x_wconf 84' lang='lat' dir='ltr'>recepe-</span> 
     </span>
     <span class='ocr_line' id='line_1_11' title="bbox 335 766 1947 816; baseline -0.001 -11"><span class='ocrx_word' id='word_1_103' title='bbox 335 777 432 806; x_wconf 87' lang='lat' dir='ltr'>runt.</span> <span class='ocrx_word' id='word_1_104' title='bbox 482 767 624 805; x_wconf 87' lang='lat' dir='ltr'>Tenera</span> <span class='ocrx_word' id='word_1_105' title='bbox 652 768 701 805; x_wconf 86' lang='lat' dir='ltr'>est</span> <span class='ocrx_word' id='word_1_106' title='bbox 731 769 767 805; x_wconf 90' lang='lat'>&amp;</span> <span class='ocrx_word' id='word_1_107' title='bbox 800 768 946 810; x_wconf 85' lang='lat' dir='ltr'>lunata,</span> <span class='ocrx_word' id='word_1_108' title='bbox 992 767 1068 805; x_wconf 90' lang='lat' dir='ltr'>vidi</span> <span class='ocrx_word' id='word_1_109' title='bbox 1109 766 1335 804; x_wconf 80' lang='lat' dir='ltr'>reticulatam</span> <span class='ocrx_word' id='word_1_110' title='bbox 1366 766 1492 809; x_wconf 84' lang='lat' dir='ltr'>fuiffe,</span> <span class='ocrx_word' id='word_1_111' title='bbox 1532 766 1645 816; x_wconf 88' lang='lat' dir='ltr'>qualis</span> <span class='ocrx_word' id='word_1_112' title='bbox 1680 768 1787 805; x_wconf 88' lang='lat' dir='ltr'>etiam</span> <span class='ocrx_word' id='word_1_113' title='bbox 1812 767 1947 806; x_wconf 70' lang='lat' dir='ltr'>Mon-</span> 
     </span>
     <span class='ocr_line' id='line_1_12' title="bbox 338 825 1945 876; baseline 0 -11"><span class='ocrx_word' id='word_1_114' title='bbox 338 840 436 865; x_wconf 86' lang='lat' dir='ltr'>GAG</span> <span class='ocrx_word' id='word_1_115' title='bbox 452 840 475 864; x_wconf 80' lang='lat' dir='ltr'>N</span> <span class='ocrx_word' id='word_1_116' title='bbox 495 840 518 865; x_wconf 95' lang='lat' dir='ltr'>o</span> <span class='ocrx_word' id='word_1_117' title='bbox 546 827 632 876; x_wconf 82' lang='lat' dir='ltr'>(y)</span> <span class='ocrx_word' id='word_1_118' title='bbox 660 829 829 866; x_wconf 89' lang='lat' dir='ltr'>occurrit.</span> <span class='ocrx_word' id='word_1_119' title='bbox 874 826 963 864; x_wconf 89' lang='lat' dir='ltr'>Vidi</span> <span class='ocrx_word' id='word_1_120' title='bbox 992 827 1098 865; x_wconf 89' lang='lat' dir='ltr'>latam</span> <span class='ocrx_word' id='word_1_121' title='bbox 1120 826 1354 875; x_wconf 86' lang='lat' dir='ltr'>irregularem</span> <span class='ocrx_word' id='word_1_122' title='bbox 1372 855 1381 869; x_wconf 95' lang='lat'>,</span> <span class='ocrx_word' id='word_1_123' title='bbox 1417 825 1764 876; x_wconf 85' lang='lat' dir='ltr'>quadrangularem,</span> <span class='ocrx_word' id='word_1_124' title='bbox 1799 834 1840 865; x_wconf 92' lang='lat' dir='ltr'>ut</span> <span class='ocrx_word' id='word_1_125' title='bbox 1865 839 1945 876; x_wconf 84' lang='lat' dir='ltr'>pars</span> 
     </span>
     <span class='ocr_line' id='line_1_13' title="bbox 333 885 1945 936; baseline -0.001 -11"><span class='ocrx_word' id='word_1_126' title='bbox 333 886 456 926; x_wconf 85' lang='lat' dir='ltr'>lunata</span> <span class='ocrx_word' id='word_1_127' title='bbox 483 887 515 925; x_wconf 94' lang='lat' dir='ltr'>se</span> <span class='ocrx_word' id='word_1_128' title='bbox 542 887 636 925; x_wconf 86' lang='lat' dir='ltr'>ostio</span> <span class='ocrx_word' id='word_1_129' title='bbox 672 886 809 925; x_wconf 92' lang='lat' dir='ltr'>venoso</span> <span class='ocrx_word' id='word_1_130' title='bbox 836 887 1054 936; x_wconf 81' lang='lat' dir='ltr'>adplicaret,</span> <span class='ocrx_word' id='word_1_131' title='bbox 1087 898 1167 935; x_wconf 89' lang='lat' dir='ltr'>pars</span> <span class='ocrx_word' id='word_1_132' title='bbox 1195 886 1378 924; x_wconf 90' lang='lat' dir='ltr'>reticulata</span> <span class='ocrx_word' id='word_1_133' title='bbox 1406 886 1493 923; x_wconf 91' lang='lat' dir='ltr'>hinc</span> <span class='ocrx_word' id='word_1_134' title='bbox 1524 888 1562 923; x_wconf 92' lang='lat' dir='ltr'>in</span> <span class='ocrx_word' id='word_1_135' title='bbox 1589 898 1690 923; x_wconf 88' lang='lat' dir='ltr'>oram</span> <span class='ocrx_word' id='word_1_136' title='bbox 1718 886 1798 924; x_wconf 86' lang='lat' dir='ltr'>ostii</span> <span class='ocrx_word' id='word_1_137' title='bbox 1821 885 1945 924; x_wconf 82' lang='lat' dir='ltr'>venofi</span> 
     </span>
     <span class='ocr_line' id='line_1_14' title="bbox 332 943 1939 995; baseline -0.001 -11"><span class='ocrx_word' id='word_1_138' title='bbox 332 947 607 989; x_wconf 85' lang='lat' dir='ltr'>adnasceretur,</span> <span class='ocrx_word' id='word_1_139' title='bbox 635 947 720 984; x_wconf 88' lang='lat' dir='ltr'>inde</span> <span class='ocrx_word' id='word_1_140' title='bbox 744 949 782 984; x_wconf 90' lang='lat' dir='ltr'>in</span> <span class='ocrx_word' id='word_1_141' title='bbox 800 947 998 985; x_wconf 86' lang='lat' dir='ltr'>auriculam</span> <span class='ocrx_word' id='word_1_142' title='bbox 1023 946 1188 983; x_wconf 84' lang='lat' dir='ltr'>dextram</span> <span class='ocrx_word' id='word_1_143' title='bbox 1217 944 1407 984; x_wconf 81' lang='lat' dir='ltr'>finisterius</span> <span class='ocrx_word' id='word_1_144' title='bbox 1422 974 1432 989; x_wconf 91' lang='lat'>‚</span> <span class='ocrx_word' id='word_1_145' title='bbox 1460 958 1570 995; x_wconf 88' lang='lat' dir='ltr'>quam</span> <span class='ocrx_word' id='word_1_146' title='bbox 1591 943 1768 983; x_wconf 88' lang='lat' dir='ltr'>Eustachii</span> <span class='ocrx_word' id='word_1_147' title='bbox 1789 945 1939 984; x_wconf 85' lang='lat' dir='ltr'>valvula.</span> 
     </span>
     <span class='ocr_line' id='line_1_15' title="bbox 332 1004 1944 1054; baseline -0.001 -10"><span class='ocrx_word' id='word_1_148' title='bbox 332 1005 393 1044; x_wconf 83' lang='lat' dir='ltr'>Est</span> <span class='ocrx_word' id='word_1_149' title='bbox 417 1007 480 1045; x_wconf 91' lang='lat' dir='ltr'>ubi</span> <span class='ocrx_word' id='word_1_150' title='bbox 502 1018 546 1044; x_wconf 82' lang='lat' dir='ltr'>ex</span> <span class='ocrx_word' id='word_1_151' title='bbox 563 1006 717 1046; x_wconf 89' lang='lat' dir='ltr'>reticulo</span> <span class='ocrx_word' id='word_1_152' title='bbox 743 1005 870 1043; x_wconf 87' lang='lat' dir='ltr'>fibram</span> <span class='ocrx_word' id='word_1_153' title='bbox 893 1005 1012 1047; x_wconf 87' lang='lat' dir='ltr'>dedit,</span> <span class='ocrx_word' id='word_1_154' title='bbox 1041 1017 1119 1054; x_wconf 84' lang='lat' dir='ltr'>quae</span> <span class='ocrx_word' id='word_1_155' title='bbox 1139 1012 1200 1043; x_wconf 89' lang='lat' dir='ltr'>aut</span> <span class='ocrx_word' id='word_1_156' title='bbox 1215 1004 1379 1054; x_wconf 77' lang='lat' dir='ltr'>obposita</span> <span class='ocrx_word' id='word_1_157' title='bbox 1399 1007 1556 1054; x_wconf 86' lang='lat' dir='ltr'>margini</span> <span class='ocrx_word' id='word_1_158' title='bbox 1576 1006 1701 1054; x_wconf 84' lang='lat' dir='ltr'>magni</span> <span class='ocrx_word' id='word_1_159' title='bbox 1725 1005 1805 1043; x_wconf 90' lang='lat' dir='ltr'>ostii</span> <span class='ocrx_word' id='word_1_160' title='bbox 1822 1005 1944 1044; x_wconf 88' lang='lat' dir='ltr'>cordis</span> 
     </span>
     <span class='ocr_line' id='line_1_16' title="bbox 334 1062 1942 1116; baseline -0.001 -13"><span class='ocrx_word' id='word_1_161' title='bbox 334 1067 552 1115; x_wconf 80' lang='lat' dir='ltr'>adligaretur</span> <span class='ocrx_word' id='word_1_162' title='bbox 581 1069 598 1114; x_wconf 87' lang='grc'>&lt;</span> <span class='ocrx_word' id='word_1_163' title='bbox 614 1066 704 1114; x_wconf 79' lang='lat' dir='ltr'>z),</span> <span class='ocrx_word' id='word_1_164' title='bbox 741 1073 803 1103; x_wconf 91' lang='lat' dir='ltr'>aut</span> <span class='ocrx_word' id='word_1_165' title='bbox 838 1067 875 1102; x_wconf 89' lang='lat' dir='ltr'>in</span> <span class='ocrx_word' id='word_1_166' title='bbox 904 1064 1081 1102; x_wconf 88' lang='lat' dir='ltr'>Eustachii</span> <span class='ocrx_word' id='word_1_167' title='bbox 1116 1064 1295 1103; x_wconf 87' lang='lat' dir='ltr'>valvulam</span> <span class='ocrx_word' id='word_1_168' title='bbox 1326 1062 1429 1116; x_wconf 86' lang='lat' dir='ltr'>(a).</span> <span class='ocrx_word' id='word_1_169' title='bbox 1479 1064 1569 1102; x_wconf 91' lang='lat' dir='ltr'>Non</span> <span class='ocrx_word' id='word_1_170' title='bbox 1602 1077 1723 1103; x_wconf 90' lang='lat' dir='ltr'>rarum</span> <span class='ocrx_word' id='word_1_171' title='bbox 1761 1065 1834 1107; x_wconf 87' lang='lat' dir='ltr'>est,</span> <span class='ocrx_word' id='word_1_172' title='bbox 1863 1077 1942 1115; x_wconf 91' lang='lat' dir='ltr'>-pro</span> 
     </span>
     <span class='ocr_line' id='line_1_17' title="bbox 333 1122 1944 1175; baseline -0.001 -11"><span class='ocrx_word' id='word_1_173' title='bbox 333 1138 406 1164; x_wconf 88' lang='lat' dir='ltr'>una</span> <span class='ocrx_word' id='word_1_174' title='bbox 431 1125 570 1164; x_wconf 89' lang='lat' dir='ltr'>valvula</span> <span class='ocrx_word' id='word_1_175' title='bbox 590 1125 710 1175; x_wconf 87' lang='lat' dir='ltr'>plures</span> <span class='ocrx_word' id='word_1_176' title='bbox 739 1124 853 1163; x_wconf 87' lang='lat' dir='ltr'>adeffe</span> <span class='ocrx_word' id='word_1_177' title='bbox 871 1154 880 1168; x_wconf 92' lang='lat'>,</span> <span class='ocrx_word' id='word_1_178' title='bbox 918 1125 1005 1163; x_wconf 87' lang='lat' dir='ltr'>duas</span> <span class='ocrx_word' id='word_1_179' title='bbox 1026 1132 1065 1162; x_wconf 92' lang='lat' dir='ltr'>ut</span> <span class='ocrx_word' id='word_1_180' title='bbox 1093 1123 1121 1161; x_wconf 90' lang='lat' dir='ltr'>L</span> <span class='ocrx_word' id='word_1_181' title='bbox 1135 1137 1156 1161; x_wconf 90' lang='lat' dir='ltr'><strong>A</strong></span> <span class='ocrx_word' id='word_1_182' title='bbox 1171 1137 1221 1162; x_wconf 81' lang='lat' dir='ltr'>Nc</span> <span class='ocrx_word' id='word_1_183' title='bbox 1236 1137 1247 1161; x_wconf 94' lang='lat'>1</span> <span class='ocrx_word' id='word_1_184' title='bbox 1263 1137 1277 1162; x_wconf 86' lang='lat' dir='ltr'>s</span> <span class='ocrx_word' id='word_1_185' title='bbox 1293 1137 1305 1161; x_wconf 93' lang='lat'>1</span> <span class='ocrx_word' id='word_1_186' title='bbox 1324 1137 1343 1163; x_wconf 83' lang='lat' dir='ltr'>u</span> <span class='ocrx_word' id='word_1_187' title='bbox 1361 1138 1375 1162; x_wconf 87' lang='lat' dir='ltr'>s</span> <span class='ocrx_word' id='word_1_188' title='bbox 1398 1123 1455 1175; x_wconf 81' lang='lat' dir='ltr'>[h</span> <span class='ocrx_word' id='word_1_189' title='bbox 1470 1122 1493 1174; x_wconf 94' lang='lat'>]</span> <span class='ocrx_word' id='word_1_190' title='bbox 1508 1153 1516 1167; x_wconf 89' lang='lat'>,</span> <span class='ocrx_word' id='word_1_191' title='bbox 1551 1124 1672 1174; x_wconf 87' lang='lat' dir='ltr'>plures</span> <span class='ocrx_word' id='word_1_192' title='bbox 1704 1126 1811 1162; x_wconf 88' lang='lat' dir='ltr'>etiam</span> <span class='ocrx_word' id='word_1_193' title='bbox 1829 1124 1944 1175; x_wconf 80' lang='lat' dir='ltr'>usque</span> 
     </span>
     <span class='ocr_line' id='line_1_18' title="bbox 333 1183 1938 1234; baseline -0.001 -11"><span class='ocrx_word' id='word_1_194' title='bbox 333 1186 378 1223; x_wconf 88' lang='lat' dir='ltr'>ad</span> <span class='ocrx_word' id='word_1_195' title='bbox 402 1186 461 1224; x_wconf 83' lang='lat' dir='ltr'>sex</span> <span class='ocrx_word' id='word_1_196' title='bbox 493 1186 568 1233; x_wconf 84' lang='lat' dir='ltr'>[c]</span> <span class='ocrx_word' id='word_1_197' title='bbox 597 1187 753 1223; x_wconf 87' lang='lat' dir='ltr'>omnino</span> <span class='ocrx_word' id='word_1_198' title='bbox 773 1184 939 1223; x_wconf 82' lang='lat' dir='ltr'>valvulas.</span> <span class='ocrx_word' id='word_1_199' title='bbox 976 1183 1137 1223; x_wconf 85' lang='lat' dir='ltr'>Defuiffe</span> <span class='ocrx_word' id='word_1_200' title='bbox 1156 1197 1233 1222; x_wconf 88' lang='lat' dir='ltr'>non</span> <span class='ocrx_word' id='word_1_201' title='bbox 1254 1185 1351 1228; x_wconf 91' lang='lat' dir='ltr'>vidi,</span> <span class='ocrx_word' id='word_1_202' title='bbox 1382 1184 1483 1234; x_wconf 92' lang='lat' dir='ltr'>quod</span> <span class='ocrx_word' id='word_1_203' title='bbox 1506 1183 1558 1222; x_wconf 90' lang='lat' dir='ltr'>Cl.</span> <span class='ocrx_word' id='word_1_204' title='bbox 1585 1185 1664 1222; x_wconf 90' lang='lat' dir='ltr'>viro</span> <span class='ocrx_word' id='word_1_205' title='bbox 1688 1185 1817 1222; x_wconf 89' lang='lat' dir='ltr'>accidit</span> <span class='ocrx_word' id='word_1_206' title='bbox 1844 1184 1938 1233; x_wconf 84' lang='lat' dir='ltr'>[d],</span> 
     </span>
     <span class='ocr_line' id='line_1_19' title="bbox 333 1243 1942 1295; baseline -0.001 -12"><span class='ocrx_word' id='word_1_207' title='bbox 333 1258 454 1295; x_wconf 87' lang='lat' dir='ltr'>neque</span> <span class='ocrx_word' id='word_1_208' title='bbox 486 1245 572 1283; x_wconf 85' lang='lat' dir='ltr'>ideo</span> <span class='ocrx_word' id='word_1_209' title='bbox 599 1247 829 1294; x_wconf 82' lang='lat' dir='ltr'>negaverim,</span> <span class='ocrx_word' id='word_1_210' title='bbox 875 1256 995 1282; x_wconf 87' lang='lat' dir='ltr'>veram</span> <span class='ocrx_word' id='word_1_211' title='bbox 1027 1243 1094 1281; x_wconf 83' lang='lat' dir='ltr'>effe</span> <span class='ocrx_word' id='word_1_212' title='bbox 1119 1244 1322 1287; x_wconf 89' lang='lat' dir='ltr'>valvulam,</span> <span class='ocrx_word' id='word_1_213' title='bbox 1356 1243 1458 1293; x_wconf 90' lang='lat' dir='ltr'>quod</span> <span class='ocrx_word' id='word_1_214' title='bbox 1492 1243 1728 1281; x_wconf 65' lang='lat' dir='ltr'>directionem</span> <span class='ocrx_word' id='word_1_215' title='bbox 1761 1255 1847 1281; x_wconf 91' lang='lat' dir='ltr'>cum</span> <span class='ocrx_word' id='word_1_216' title='bbox 1877 1255 1942 1281; x_wconf 78' lang='lat' dir='ltr'>ora</span> 
     </span>
     <span class='ocr_line' id='line_1_20' title="bbox 331 1301 1941 1355; baseline -0.001 -12"><span class='ocrx_word' id='word_1_217' title='bbox 331 1305 508 1355; x_wconf 87' lang='lat' dir='ltr'>superiori</span> <span class='ocrx_word' id='word_1_218' title='bbox 543 1305 556 1351; x_wconf 94' lang='lat'>[</span> <span class='ocrx_word' id='word_1_219' title='bbox 576 1313 636 1342; x_wconf 86' lang='lat' dir='ltr'>aut</span> <span class='ocrx_word' id='word_1_220' title='bbox 664 1307 778 1354; x_wconf 87' lang='lat' dir='ltr'>priori</span> <span class='ocrx_word' id='word_1_221' title='bbox 797 1306 811 1352; x_wconf 94' lang='lat'>]</span> <span class='ocrx_word' id='word_1_222' title='bbox 844 1316 944 1341; x_wconf 83' lang='lat' dir='ltr'>venae</span> <span class='ocrx_word' id='word_1_223' title='bbox 958 1303 1026 1341; x_wconf 87' lang='lat' dir='ltr'>suae</span> <span class='ocrx_word' id='word_1_224' title='bbox 1048 1305 1297 1341; x_wconf 85' lang='lat' dir='ltr'>continuatam</span> <span class='ocrx_word' id='word_1_225' title='bbox 1326 1302 1491 1352; x_wconf 89' lang='lat' dir='ltr'>sequatur</span> <span class='ocrx_word' id='word_1_226' title='bbox 1512 1303 1597 1350; x_wconf 81' lang='lat' dir='ltr'>(e).</span> <span class='ocrx_word' id='word_1_227' title='bbox 1634 1302 1795 1340; x_wconf 89' lang='lat' dir='ltr'>Aliarum</span> <span class='ocrx_word' id='word_1_228' title='bbox 1816 1301 1941 1341; x_wconf 79' lang='lat' dir='ltr'>valvu·</span> 
     </span>
     <span class='ocr_line' id='line_1_21' title="bbox 332 1360 1941 1412; baseline -0.002 -9"><span class='ocrx_word' id='word_1_229' title='bbox 332 1365 450 1403; x_wconf 89' lang='lat' dir='ltr'>larum</span> <span class='ocrx_word' id='word_1_230' title='bbox 470 1365 682 1402; x_wconf 85' lang='lat' dir='ltr'>venosarum</span> <span class='ocrx_word' id='word_1_231' title='bbox 709 1363 905 1407; x_wconf 85' lang='lat' dir='ltr'>sunillima,</span> <span class='ocrx_word' id='word_1_232' title='bbox 934 1370 1035 1401; x_wconf 85' lang='lat' dir='ltr'>cavet</span> <span class='ocrx_word' id='word_1_233' title='bbox 1050 1363 1181 1412; x_wconf 89' lang='lat' dir='ltr'>procul</span> <span class='ocrx_word' id='word_1_234' title='bbox 1205 1362 1319 1400; x_wconf 91' lang='lat' dir='ltr'>dubio</span> <span class='ocrx_word' id='word_1_235' title='bbox 1349 1364 1386 1399; x_wconf 89' lang='lat' dir='ltr'>in</span> <span class='ocrx_word' id='word_1_236' title='bbox 1410 1364 1495 1399; x_wconf 88' lang='lat' dir='ltr'>vivo</span> <span class='ocrx_word' id='word_1_237' title='bbox 1520 1362 1692 1405; x_wconf 88' lang='lat' dir='ltr'>homine,</span> <span class='ocrx_word' id='word_1_238' title='bbox 1729 1374 1774 1399; x_wconf 92' lang='lat' dir='ltr'>ne</span> <span class='ocrx_word' id='word_1_239' title='bbox 1796 1360 1941 1411; x_wconf 82' lang='lat' dir='ltr'>sanguis</span> 
     </span>
     <span class='ocr_line' id='line_1_22' title="bbox 332 1420 1940 1470; baseline -0.002 -8"><span class='ocrx_word' id='word_1_240' title='bbox 332 1437 377 1462; x_wconf 80' lang='lat' dir='ltr'>ex</span> <span class='ocrx_word' id='word_1_241' title='bbox 403 1424 562 1463; x_wconf 86' lang='lat' dir='ltr'>auricula</span> <span class='ocrx_word' id='word_1_242' title='bbox 582 1424 716 1461; x_wconf 87' lang='lat' dir='ltr'>finistra</span> <span class='ocrx_word' id='word_1_243' title='bbox 743 1423 834 1461; x_wconf 89' lang='lat' dir='ltr'>adeo</span> <span class='ocrx_word' id='word_1_244' title='bbox 857 1423 959 1460; x_wconf 86' lang='lat' dir='ltr'>facile</span> <span class='ocrx_word' id='word_1_245' title='bbox 983 1424 1021 1459; x_wconf 92' lang='lat' dir='ltr'>in</span> <span class='ocrx_word' id='word_1_246' title='bbox 1046 1435 1176 1460; x_wconf 89' lang='lat' dir='ltr'>venam</span> <span class='ocrx_word' id='word_1_247' title='bbox 1198 1422 1427 1460; x_wconf 88' lang='lat' dir='ltr'>coronariam</span> <span class='ocrx_word' id='word_1_248' title='bbox 1449 1424 1658 1470; x_wconf 87' lang='lat' dir='ltr'>regurgitet.</span> <span class='ocrx_word' id='word_1_249' title='bbox 1702 1420 1745 1459; x_wconf 87' lang='lat' dir='ltr'>In</span> <span class='ocrx_word' id='word_1_250' title='bbox 1767 1421 1940 1459; x_wconf 79' lang='lat' dir='ltr'>cadavere</span> 
     </span>
     <span class='ocr_line' id='line_1_23' title="bbox 330 1480 1938 1532; baseline -0.002 -10"><span class='ocrx_word' id='word_1_251' title='bbox 330 1493 452 1522; x_wconf 84' lang='lat' dir='ltr'>tamen</span> <span class='ocrx_word' id='word_1_252' title='bbox 481 1497 526 1522; x_wconf 89' lang='lat' dir='ltr'>eo</span> <span class='ocrx_word' id='word_1_253' title='bbox 560 1482 681 1522; x_wconf 89' lang='lat' dir='ltr'>officio</span> <span class='ocrx_word' id='word_1_254' title='bbox 708 1483 866 1532; x_wconf 86' lang='lat' dir='ltr'>maligne</span> <span class='ocrx_word' id='word_1_255' title='bbox 895 1482 1081 1531; x_wconf 88' lang='lat' dir='ltr'>fungitur,</span> <span class='ocrx_word' id='word_1_256' title='bbox 1117 1494 1202 1520; x_wconf 89' lang='lat' dir='ltr'>cum</span> <span class='ocrx_word' id='word_1_257' title='bbox 1232 1483 1387 1519; x_wconf 86' lang='lat' dir='ltr'>omnino</span> <span class='ocrx_word' id='word_1_258' title='bbox 1417 1493 1545 1518; x_wconf 87' lang='lat' dir='ltr'>venam</span> <span class='ocrx_word' id='word_1_259' title='bbox 1571 1493 1695 1519; x_wconf 88' lang='lat' dir='ltr'>cavam</span> <span class='ocrx_word' id='word_1_260' title='bbox 1725 1494 1801 1519; x_wconf 92' lang='lat' dir='ltr'>non</span> <span class='ocrx_word' id='word_1_261' title='bbox 1830 1480 1938 1531; x_wconf 77' lang='lat' dir='ltr'>poffis</span> 
     </span>
     <span class='ocr_line' id='line_1_24' title="bbox 328 1539 1938 1594; baseline -0.002 -12"><span class='ocrx_word' id='word_1_262' title='bbox 328 1544 414 1582; x_wconf 85' lang='lat' dir='ltr'>sebo</span> <span class='ocrx_word' id='word_1_263' title='bbox 440 1544 601 1594; x_wconf 82' lang='lat' dir='ltr'>replere,</span> <span class='ocrx_word' id='word_1_264' title='bbox 645 1545 735 1593; x_wconf 90' lang='lat' dir='ltr'>quin</span> <span class='ocrx_word' id='word_1_265' title='bbox 765 1555 856 1580; x_wconf 85' lang='lat' dir='ltr'>vena</span> <span class='ocrx_word' id='word_1_266' title='bbox 886 1544 1076 1580; x_wconf 85' lang='lat' dir='ltr'>coronaria</span> <span class='ocrx_word' id='word_1_267' title='bbox 1098 1555 1168 1580; x_wconf 88' lang='lat' dir='ltr'>una</span> <span class='ocrx_word' id='word_1_268' title='bbox 1191 1541 1370 1591; x_wconf 90' lang='lat' dir='ltr'>repleatur</span> <span class='ocrx_word' id='word_1_269' title='bbox 1395 1539 1479 1589; x_wconf 86' lang='lat' dir='ltr'>(f).</span> <span class='ocrx_word' id='word_1_270' title='bbox 1513 1539 1584 1578; x_wconf 90' lang='lat' dir='ltr'>Sed</span> <span class='ocrx_word' id='word_1_271' title='bbox 1602 1543 1708 1579; x_wconf 87' lang='lat' dir='ltr'>etiam</span> <span class='ocrx_word' id='word_1_272' title='bbox 1730 1543 1768 1578; x_wconf 87' lang='lat' dir='ltr'>in</span> <span class='ocrx_word' id='word_1_273' title='bbox 1791 1542 1876 1579; x_wconf 94' lang='lat' dir='ltr'>vivo</span> <span class='ocrx_word' id='word_1_274' title='bbox 1898 1542 1938 1579; x_wconf 71' lang='lat' dir='ltr'>Sc</span> 
     </span>
     <span class='ocr_line' id='line_1_25' title="bbox 328 1600 1937 1652; baseline -0.002 -10"><span class='ocrx_word' id='word_1_275' title='bbox 328 1603 555 1643; x_wconf 87' lang='lat' dir='ltr'>moribundo</span> <span class='ocrx_word' id='word_1_276' title='bbox 586 1603 760 1646; x_wconf 85' lang='lat' dir='ltr'>animale,</span> <span class='ocrx_word' id='word_1_277' title='bbox 795 1602 985 1641; x_wconf 87' lang='lat' dir='ltr'>manifesto</span> <span class='ocrx_word' id='word_1_278' title='bbox 1001 1631 1011 1645; x_wconf 89' lang='lat'>‚</span> <span class='ocrx_word' id='word_1_279' title='bbox 1047 1602 1190 1652; x_wconf 82' lang='lat' dir='ltr'>sanguis</span> <span class='ocrx_word' id='word_1_280' title='bbox 1220 1601 1356 1640; x_wconf 84' lang='lat' dir='ltr'>alterne</span> <span class='ocrx_word' id='word_1_281' title='bbox 1379 1601 1418 1638; x_wconf 91' lang='lat' dir='ltr'>in</span> <span class='ocrx_word' id='word_1_282' title='bbox 1442 1612 1573 1642; x_wconf 86' lang='lat' dir='ltr'>venam</span> <span class='ocrx_word' id='word_1_283' title='bbox 1594 1603 1821 1639; x_wconf 81' lang='lat' dir='ltr'>coronariam</span> <span class='ocrx_word' id='word_1_284' title='bbox 1841 1600 1937 1639; x_wconf 90' lang='lat' dir='ltr'>resu-</span> 
     </span>
    </p>
   </div>
   <div class='ocr_carea' id='block_1_3' title="bbox 329 1661 1939 1760">
    <p class='ocr_par' dir='ltr' id='par_1_3' title="bbox 329 1661 1939 1760">
     <span class='ocr_line' id='line_1_26' title="bbox 329 1661 1897 1760; baseline -0.001 -59"><span class='ocrx_word' id='word_1_285' title='bbox 329 1665 427 1712; x_wconf 85' lang='lat' dir='ltr'>gitur</span> <span class='ocrx_word' id='word_1_286' title='bbox 446 1693 456 1708; x_wconf 91' lang='lat'>‚</span> <span class='ocrx_word' id='word_1_287' title='bbox 496 1670 536 1702; x_wconf 92' lang='lat' dir='ltr'>ut</span> <span class='ocrx_word' id='word_1_288' title='bbox 568 1663 651 1702; x_wconf 87' lang='lat' dir='ltr'>alias</span> <span class='ocrx_word' id='word_1_289' title='bbox 684 1662 919 1702; x_wconf 83' lang='lat' dir='ltr'>ostendemus</span> <span class='ocrx_word' id='word_1_290' title='bbox 945 1661 1046 1711; x_wconf 82' lang='lat' dir='ltr'>(g).</span> <span class='ocrx_word' id='word_1_291' title='bbox 1841 1720 1897 1760; x_wconf 78' lang='lat' dir='ltr'>Al·</span> 
     </span>
     <span class='ocr_line' id='line_1_27' title="bbox 1888 1733 1939 1759; baseline 0.02 -1"><span class='ocrx_word' id='word_1_292' title='bbox 1888 1733 1939 1759; x_wconf 80' lang='lat' dir='ltr'>ias</span> 
     </span>
    </p>
   </div>
   <div class='ocr_carea' id='block_1_4' title="bbox 328 1775 1935 2476">
    <p class='ocr_par' dir='ltr' id='par_1_4' title="bbox 370 1775 1000 1818">
     <span class='ocr_line' id='line_1_28' title="bbox 370 1775 1000 1818; baseline 0.002 -9"><span class='ocrx_word' id='word_1_293' title='bbox 370 1779 457 1818; x_wconf 86' lang='lat' dir='ltr'>[q]</span> <span class='ocrx_word' id='word_1_294' title='bbox 483 1775 594 1818; x_wconf 68' lang='lat' dir='ltr'>Dtffi’c‘i.</span> <span class='ocrx_word' id='word_1_295' title='bbox 622 1786 708 1810; x_wconf 83' lang='lat' dir='ltr'>urter.</span> <span class='ocrx_word' id='word_1_296' title='bbox 734 1779 773 1816; x_wconf 54' lang='grc' dir='ltr'>ἓξ</span> <span class='ocrx_word' id='word_1_297' title='bbox 792 1789 889 1809; x_wconf 81' lang='lat' dir='ltr'>venar.</span> <span class='ocrx_word' id='word_1_298' title='bbox 915 1789 940 1810; x_wconf 91' lang='lat' dir='ltr'>c.</span> <span class='ocrx_word' id='word_1_299' title='bbox 971 1787 1000 1810; x_wconf 75' lang='lat'>2.</span> 
     </span>
    </p>

    <p class='ocr_par' dir='ltr' id='par_1_5' title="bbox 369 1820 1009 1858">
     <span class='ocr_line' id='line_1_29' title="bbox 369 1820 1009 1858; baseline 0.003 -10"><span class='ocrx_word' id='word_1_300' title='bbox 369 1820 453 1857; x_wconf 91' lang='lat' dir='ltr'>(r)</span> <span class='ocrx_word' id='word_1_301' title='bbox 477 1820 718 1849; x_wconf 62' lang='lat' dir='ltr'>VtsArrus</span> <span class='ocrx_word' id='word_1_302' title='bbox 742 1821 773 1850; x_wconf 93' lang='lat' dir='ltr'>L.</span> <span class='ocrx_word' id='word_1_303' title='bbox 806 1820 855 1850; x_wconf 87' lang='lat' dir='ltr'>VI.</span> <span class='ocrx_word' id='word_1_304' title='bbox 880 1830 908 1858; x_wconf 85' lang='lat' dir='ltr'>p.</span> <span class='ocrx_word' id='word_1_305' title='bbox 941 1829 1009 1858; x_wconf 86' lang='lat'>279.</span> 
     </span>
    </p>

    <p class='ocr_par' dir='ltr' id='par_1_6' title="bbox 369 1860 724 1898">
     <span class='ocr_line' id='line_1_30' title="bbox 369 1860 724 1898; baseline 0 -8"><span class='ocrx_word' id='word_1_306' title='bbox 369 1860 586 1898; x_wconf 76' lang='lat' dir='ltr'>(s)InnM</span> <span class='ocrx_word' id='word_1_307' title='bbox 611 1861 680 1891; x_wconf 86' lang='lat' dir='ltr'>ibid.</span> <span class='ocrx_word' id='word_1_308' title='bbox 705 1861 724 1890; x_wconf 91' lang='lat' dir='ltr'><strong>f</strong></span> 
     </span>
    </p>

    <p class='ocr_par' dir='ltr' id='par_1_7' title="bbox 328 1898 1935 1982">
     <span class='ocr_line' id='line_1_31' title="bbox 369 1898 1935 1940; baseline -0.001 -10"><span class='ocrx_word' id='word_1_309' title='bbox 369 1902 382 1938; x_wconf 90' lang='lat'>(</span> <span class='ocrx_word' id='word_1_310' title='bbox 403 1908 416 1931; x_wconf 81' lang='lat' dir='ltr'><em>t</em></span> <span class='ocrx_word' id='word_1_311' title='bbox 438 1903 450 1939; x_wconf 88' lang='lat'><em>)</em></span> <span class='ocrx_word' id='word_1_312' title='bbox 479 1904 521 1932; x_wconf 81' lang='lat' dir='ltr'>De</span> <span class='ocrx_word' id='word_1_313' title='bbox 543 1901 693 1940; x_wconf 80' lang='lat' dir='ltr'>venafine</span> <span class='ocrx_word' id='word_1_314' title='bbox 716 1904 782 1938; x_wconf 79' lang='lat' dir='ltr'>pari</span> <span class='ocrx_word' id='word_1_315' title='bbox 804 1902 955 1939; x_wconf 82' lang='lat' dir='ltr'>antigram.</span> <span class='ocrx_word' id='word_1_316' title='bbox 989 1899 1030 1933; x_wconf 88' lang='lat' dir='ltr'>X.</span> <span class='ocrx_word' id='word_1_317' title='bbox 1054 1909 1081 1939; x_wconf 85' lang='lat' dir='ltr'>p.</span> <span class='ocrx_word' id='word_1_318' title='bbox 1113 1903 1182 1939; x_wconf 69' lang='lat'>263.</span> <span class='ocrx_word' id='word_1_319' title='bbox 1218 1904 1285 1937; x_wconf 80' lang='lat'>264.</span> <span class='ocrx_word' id='word_1_320' title='bbox 1313 1901 1373 1930; x_wconf 81' lang='lat' dir='ltr'>tab.</span> <span class='ocrx_word' id='word_1_321' title='bbox 1401 1904 1428 1935; x_wconf 75' lang='lat'>8.</span> <span class='ocrx_word' id='word_1_322' title='bbox 1454 1899 1474 1930; x_wconf 89' lang='lat' dir='ltr'>f.</span> <span class='ocrx_word' id='word_1_323' title='bbox 1503 1902 1529 1929; x_wconf 85' lang='lat'>6.</span> <span class='ocrx_word' id='word_1_324' title='bbox 1560 1900 1587 1930; x_wconf 84' lang='lat'>&amp;</span> <span class='ocrx_word' id='word_1_325' title='bbox 1605 1900 1664 1929; x_wconf 85' lang='lat' dir='ltr'>tab.</span> <span class='ocrx_word' id='word_1_326' title='bbox 1698 1900 1742 1929; x_wconf 82' lang='lat'>16.</span> <span class='ocrx_word' id='word_1_327' title='bbox 1767 1898 1786 1928; x_wconf 91' lang='lat' dir='ltr'>f.</span> <span class='ocrx_word' id='word_1_328' title='bbox 1816 1905 1843 1935; x_wconf 66' lang='grc' dir='ltr'>ς.</span> <span class='ocrx_word' id='word_1_329' title='bbox 1869 1908 1935 1937; x_wconf 79' lang='lat' dir='ltr'>quae</span> 
     </span>
     <span class='ocr_line' id='line_1_32' title="bbox 328 1943 819 1982; baseline -0.004 -8"><span class='ocrx_word' id='word_1_330' title='bbox 328 1944 445 1982; x_wconf 78' lang='lat' dir='ltr'>quidem</span> <span class='ocrx_word' id='word_1_331' title='bbox 467 1943 564 1981; x_wconf 77' lang='lat' dir='ltr'>figura:</span> <span class='ocrx_word' id='word_1_332' title='bbox 587 1953 646 1973; x_wconf 86' lang='lat' dir='ltr'>non</span> <span class='ocrx_word' id='word_1_333' title='bbox 673 1943 819 1973; x_wconf 85' lang='lat' dir='ltr'>diff.erunt</span> 
     </span>
    </p>

    <p class='ocr_par' dir='ltr' id='par_1_8' title="bbox 370 1985 935 2021">
     <span class='ocr_line' id='line_1_33' title="bbox 370 1985 935 2021; baseline -0.002 -8"><span class='ocrx_word' id='word_1_334' title='bbox 370 1985 422 2020; x_wconf 82' lang='lat' dir='ltr'>(u</span> <span class='ocrx_word' id='word_1_335' title='bbox 444 1986 457 2021; x_wconf 87' lang='lat'><em>)</em></span> <span class='ocrx_word' id='word_1_336' title='bbox 481 1985 573 2015; x_wconf 83' lang='lat' dir='ltr'>Anat.</span> <span class='ocrx_word' id='word_1_337' title='bbox 602 1990 667 2014; x_wconf 78' lang='lat' dir='ltr'>tert.</span> <span class='ocrx_word' id='word_1_338' title='bbox 694 1994 788 2014; x_wconf 83' lang='lat' dir='ltr'>renov</span> <span class='ocrx_word' id='word_1_339' title='bbox 812 1993 839 2021; x_wconf 87' lang='lat' dir='ltr'>p.</span> <span class='ocrx_word' id='word_1_340' title='bbox 868 1987 935 2020; x_wconf 88' lang='lat'>678.</span> 
     </span>
    </p>

    <p class='ocr_par' dir='ltr' id='par_1_9' title="bbox 329 2019 1930 2105">
     <span class='ocr_line' id='line_1_34' title="bbox 370 2019 1930 2063; baseline -0.001 -9"><span class='ocrx_word' id='word_1_341' title='bbox 370 2026 495 2063; x_wconf 83' lang='lat' dir='ltr'>(x)J</span> <span class='ocrx_word' id='word_1_342' title='bbox 523 2024 556 2055; x_wconf 91' lang='lat' dir='ltr'>C.</span> <span class='ocrx_word' id='word_1_343' title='bbox 583 2027 814 2055; x_wconf 59' lang='grc' dir='ltr'>ΑκΛκτιυε</span> <span class='ocrx_word' id='word_1_344' title='bbox 841 2023 894 2062; x_wconf 70' lang='lat' dir='ltr'>olff</span> <span class='ocrx_word' id='word_1_345' title='bbox 922 2033 967 2062; x_wconf 83' lang='lat'>33</span> <span class='ocrx_word' id='word_1_346' title='bbox 992 2024 1226 2055; x_wconf 59' lang='lat' dir='ltr'>Ruomnus</span> <span class='ocrx_word' id='word_1_347' title='bbox 1261 2023 1495 2062; x_wconf 75' lang='lat' dir='ltr'>anthropograph.</span> <span class='ocrx_word' id='word_1_348' title='bbox 1529 2031 1557 2061; x_wconf 87' lang='lat' dir='ltr'>p.</span> <span class='ocrx_word' id='word_1_349' title='bbox 1589 2024 1654 2061; x_wconf 86' lang='lat'>346.</span> <span class='ocrx_word' id='word_1_350' title='bbox 1681 2019 1796 2062; x_wconf 72' lang='lat' dir='ltr'>Isaacuc</span> <span class='ocrx_word' id='word_1_351' title='bbox 1829 2021 1930 2052; x_wconf 54' lang='lat' dir='ltr'>CA?-</span> 
     </span>
     <span class='ocr_line' id='line_1_35' title="bbox 329 2064 1000 2105; baseline -0.005 -6"><span class='ocrx_word' id='word_1_352' title='bbox 329 2076 431 2099; x_wconf 68' lang='grc' dir='ltr'><strong><em>’.ΗΕΒ</em></strong></span> <span class='ocrx_word' id='word_1_353' title='bbox 459 2064 513 2105; x_wconf 69' lang='lat' dir='ltr'>obs</span> <span class='ocrx_word' id='word_1_354' title='bbox 539 2067 588 2105; x_wconf 89' lang='lat'>78.</span> <span class='ocrx_word' id='word_1_355' title='bbox 616 2067 763 2097; x_wconf 69' lang='lat' dir='ltr'>SnNAc</span> <span class='ocrx_word' id='word_1_356' title='bbox 789 2076 815 2104; x_wconf 89' lang='lat' dir='ltr'>p.</span> <span class='ocrx_word' id='word_1_357' title='bbox 847 2076 913 2094; x_wconf 84' lang='lat'>200.</span> <span class='ocrx_word' id='word_1_358' title='bbox 946 2066 1000 2096; x_wconf 65' lang='grc' dir='ltr'>ἃς.</span> 
     </span>
    </p>

    <p class='ocr_par' dir='ltr' id='par_1_10' title="bbox 370 2106 906 2154">
     <span class='ocr_line' id='line_1_36' title="bbox 370 2106 906 2154; baseline -0.004 -16"><span class='ocrx_word' id='word_1_359' title='bbox 370 2109 450 2146; x_wconf 72' lang='lat' dir='ltr'>(y)</span> <span class='ocrx_word' id='word_1_360' title='bbox 472 2106 592 2146; x_wconf 80' lang='lat' dir='ltr'>Adzers</span> <span class='ocrx_word' id='word_1_361' title='bbox 617 2110 706 2138; x_wconf 80' lang='lat' dir='ltr'>Anat.</span> <span class='ocrx_word' id='word_1_362' title='bbox 737 2106 778 2137; x_wconf 84' lang='lat' dir='ltr'>V.</span> <span class='ocrx_word' id='word_1_363' title='bbox 804 2117 831 2145; x_wconf 87' lang='lat' dir='ltr'>p.</span> <span class='ocrx_word' id='word_1_364' title='bbox 860 2115 906 2154; x_wconf 81' lang='lat'>³.²</span> 
     </span>
    </p>

    <p class='ocr_par' dir='ltr' id='par_1_11' title="bbox 370 2146 1184 2187">
     <span class='ocr_line' id='line_1_37' title="bbox 370 2146 1184 2187; baseline -0.004 -8"><span class='ocrx_word' id='word_1_365' title='bbox 370 2151 484 2184; x_wconf 73' lang='lat' dir='ltr'>(2)l</span> <span class='ocrx_word' id='word_1_366' title='bbox 475 2149 570 2179; x_wconf 57' lang='grc' dir='ltr'>ΜΔΕ</span> <span class='ocrx_word' id='word_1_367' title='bbox 588 2158 692 2178; x_wconf 72' lang='grc' dir='ltr'>ΤιΝῑ</span> <span class='ocrx_word' id='word_1_368' title='bbox 721 2150 829 2178; x_wconf 83' lang='lat' dir='ltr'>Comm.</span> <span class='ocrx_word' id='word_1_369' title='bbox 861 2150 892 2176; x_wconf 81' lang='lat' dir='ltr'>in</span> <span class='ocrx_word' id='word_1_370' title='bbox 915 2146 1043 2187; x_wconf 72' lang='lat' dir='ltr'>Ezfiach.</span> <span class='ocrx_word' id='word_1_371' title='bbox 1064 2156 1092 2185; x_wconf 89' lang='lat' dir='ltr'>p.</span> <span class='ocrx_word' id='word_1_372' title='bbox 1119 2156 1184 2184; x_wconf 79' lang='lat'>145.</span> 
     </span>
    </p>

    <p class='ocr_par' dir='ltr' id='par_1_12' title="bbox 370 2184 1930 2227">
     <span class='ocr_line' id='line_1_38' title="bbox 370 2184 1930 2227; baseline 0 -9"><span class='ocrx_word' id='word_1_373' title='bbox 370 2192 416 2225; x_wconf 79' lang='lat' dir='ltr'>(a</span> <span class='ocrx_word' id='word_1_374' title='bbox 438 2190 482 2226; x_wconf 91' lang='lat' dir='ltr'>)l</span> <span class='ocrx_word' id='word_1_375' title='bbox 489 2200 506 2218; x_wconf 88' lang='lat' dir='ltr'>n</span> <span class='ocrx_word' id='word_1_376' title='bbox 531 2191 614 2219; x_wconf 85' lang='lat' dir='ltr'>icone</span> <span class='ocrx_word' id='word_1_377' title='bbox 639 2189 759 2219; x_wconf 82' lang='lat' dir='ltr'>valvulae</span> <span class='ocrx_word' id='word_1_378' title='bbox 782 2188 944 2225; x_wconf 79' lang='lat' dir='ltr'>Eustachii,</span> <span class='ocrx_word' id='word_1_379' title='bbox 969 2198 1054 2227; x_wconf 83' lang='lat' dir='ltr'>quam</span> <span class='ocrx_word' id='word_1_380' title='bbox 1076 2187 1158 2221; x_wconf 67' lang='lat' dir='ltr'>Izi..</span> <span class='ocrx_word' id='word_1_381' title='bbox 1175 2188 1383 2220; x_wconf 65' lang='lat' dir='ltr'>Batnonmus</span> <span class='ocrx_word' id='word_1_382' title='bbox 1402 2187 1500 2224; x_wconf 80' lang='lat' dir='ltr'>dedit,</span> <span class='ocrx_word' id='word_1_383' title='bbox 1521 2185 1593 2218; x_wconf 87' lang='lat' dir='ltr'>olim</span> <span class='ocrx_word' id='word_1_384' title='bbox 1608 2185 1700 2217; x_wconf 84' lang='lat' dir='ltr'>noster</span> <span class='ocrx_word' id='word_1_385' title='bbox 1717 2184 1790 2217; x_wconf 84' lang='lat' dir='ltr'>Clar.</span> <span class='ocrx_word' id='word_1_386' title='bbox 1807 2185 1930 2226; x_wconf 57' lang='lat' dir='ltr'>collega-¹</span> 
     </span>
    </p>

    <p class='ocr_par' dir='ltr' id='par_1_13' title="bbox 370 2231 875 2268">
     <span class='ocr_line' id='line_1_39' title="bbox 370 2231 875 2268; baseline 0 -8"><span class='ocrx_word' id='word_1_387' title='bbox 370 2232 448 2267; x_wconf 80' lang='lat' dir='ltr'>(b)</span> <span class='ocrx_word' id='word_1_388' title='bbox 472 2241 497 2268; x_wconf 83' lang='lat' dir='ltr'>p.</span> <span class='ocrx_word' id='word_1_389' title='bbox 526 2234 575 2261; x_wconf 79' lang='grc' dir='ltr'>ὁὸ.</span> <span class='ocrx_word' id='word_1_390' title='bbox 599 2231 749 2261; x_wconf 61' lang='lat' dir='ltr'>Grass</span> <span class='ocrx_word' id='word_1_391' title='bbox 779 2241 805 2260; x_wconf 89' lang='lat' dir='ltr'>n.</span> <span class='ocrx_word' id='word_1_392' title='bbox 828 2242 875 2267; x_wconf 77' lang='lat'>44.</span> 
     </span>
    </p>

    <p class='ocr_par' dir='ltr' id='par_1_14' title="bbox 371 2269 926 2309">
     <span class='ocr_line' id='line_1_40' title="bbox 371 2269 926 2309; baseline 0 -9"><span class='ocrx_word' id='word_1_393' title='bbox 371 2273 414 2307; x_wconf 89' lang='lat' dir='ltr'>(c</span> <span class='ocrx_word' id='word_1_394' title='bbox 436 2273 448 2307; x_wconf 84' lang='lat'><em>)</em></span> <span class='ocrx_word' id='word_1_395' title='bbox 473 2274 515 2300; x_wconf 86' lang='lat' dir='ltr'>De</span> <span class='ocrx_word' id='word_1_396' title='bbox 531 2269 589 2309; x_wconf 81' lang='lat' dir='ltr'>vas</span> <span class='ocrx_word' id='word_1_397' title='bbox 614 2273 691 2301; x_wconf 42' lang='lat' dir='ltr'>chori</span> <span class='ocrx_word' id='word_1_398' title='bbox 711 2279 804 2309; x_wconf 78' lang='lat' dir='ltr'>propr.</span> <span class='ocrx_word' id='word_1_399' title='bbox 831 2282 858 2302; x_wconf 90' lang='lat' dir='ltr'>n.</span> <span class='ocrx_word' id='word_1_400' title='bbox 883 2277 926 2307; x_wconf 75' lang='lat'>18.</span> 
     </span>
    </p>

    <p class='ocr_par' dir='ltr' id='par_1_15' title="bbox 370 2311 806 2351">
     <span class='ocr_line' id='line_1_41' title="bbox 370 2311 806 2351; baseline 0 -11"><span class='ocrx_word' id='word_1_401' title='bbox 370 2311 742 2351; x_wconf 61' lang='lat' dir='ltr'>(d)G1.A.&lt;s.1r0p‹J.</span> <span class='ocrx_word' id='word_1_402' title='bbox 770 2323 806 2347; x_wconf 79' lang='lat'>42</span> 
     </span>
    </p>

    <p class='ocr_par' dir='ltr' id='par_1_16' title="bbox 370 2350 1924 2432">
     <span class='ocr_line' id='line_1_42' title="bbox 370 2350 1924 2432; baseline 0.001 -50"><span class='ocrx_word' id='word_1_403' title='bbox 370 2353 490 2431; x_wconf 54' lang='lat' dir='ltr'>{}3L</span> <span class='ocrx_word' id='word_1_404' title='bbox 468 2353 510 2382; x_wconf 90' lang='lat' dir='ltr'>Ill</span> <span class='ocrx_word' id='word_1_405' title='bbox 537 2352 692 2383; x_wconf 61' lang='lat' dir='ltr'>an.</span> <span class='ocrx_word' id='word_1_406' title='bbox 662 2352 878 2432; x_wconf 40' lang='lat' dir='ltr'>pr.le6different.</span> <span class='ocrx_word' id='word_1_407' title='bbox 901 2355 978 2384; x_wconf 75' lang='lat' dir='ltr'>inter</span> <span class='ocrx_word' id='word_1_408' title='bbox 1007 2359 1067 2384; x_wconf 79' lang='lat' dir='ltr'>nat.</span> <span class='ocrx_word' id='word_1_409' title='bbox 1095 2352 1134 2390; x_wconf 56' lang='grc' dir='ltr'>ἔφ’</span> <span class='ocrx_word' id='word_1_410' title='bbox 1158 2357 1296 2383; x_wconf 68' lang='lat' dir='ltr'>uonnat.</span> <span class='ocrx_word' id='word_1_411' title='bbox 1317 2362 1345 2383; x_wconf 87' lang='lat' dir='ltr'>n.</span> <span class='ocrx_word' id='word_1_412' title='bbox 1372 2362 1398 2391; x_wconf 93' lang='lat'>9.</span> <span class='ocrx_word' id='word_1_413' title='bbox 1426 2363 1457 2392; x_wconf 83' lang='lat' dir='ltr'>p.</span> <span class='ocrx_word' id='word_1_414' title='bbox 1481 2363 1529 2393; x_wconf 84' lang='lat'>49.</span> <span class='ocrx_word' id='word_1_415' title='bbox 1559 2354 1619 2385; x_wconf 70' lang='lat' dir='ltr'>tab.</span> <span class='ocrx_word' id='word_1_416' title='bbox 1647 2359 1672 2384; x_wconf 86' lang='lat'>1.</span> <span class='ocrx_word' id='word_1_417' title='bbox 1704 2352 1724 2384; x_wconf 83' lang='lat' dir='ltr'>f.</span> <span class='ocrx_word' id='word_1_418' title='bbox 1751 2360 1797 2383; x_wconf 75' lang='grc' dir='ltr'>Π.</span> <span class='ocrx_word' id='word_1_419' title='bbox 1827 2361 1845 2392; x_wconf 84' lang='lat' dir='ltr'>g</span> <span class='ocrx_word' id='word_1_420' title='bbox 1868 2350 1924 2383; x_wconf 52' lang='lat' dir='ltr'>&amp;a</span> 
     </span>
    </p>

    <p class='ocr_par' dir='ltr' id='par_1_17' title="bbox 368 2394 1447 2476">
     <span class='ocr_line' id='line_1_43' title="bbox 471 2394 836 2431; baseline 0.006 -10.211"><span class='ocrx_word' id='word_1_421' title='bbox 471 2394 630 2424; x_wconf 68' lang='lat' dir='ltr'>LANcis</span> <span class='ocrx_word' id='word_1_422' title='bbox 737 2404 754 2431; x_wconf 92' lang='lat'><em>7</em></span> <span class='ocrx_word' id='word_1_423' title='bbox 790 2395 836 2430; x_wconf 82' lang='lat'>68</span> 
     </span>
     <span class='ocr_line' id='line_1_44' title="bbox 368 2404 1453 2476; baseline 0.003 -9"><span class='ocrx_word' id='word_1_424' title='bbox 368 2435 443 2474; x_wconf 71' lang='lat' dir='ltr'>(g)</span> <span class='ocrx_word' id='word_1_425' title='bbox 466 2434 500 2467; x_wconf 90' lang='lat' dir='ltr'>In</span> <span class='ocrx_word' id='word_1_426' title='bbox 522 2433 635 2466; x_wconf 76' lang='lat' dir='ltr'>historia</span> <span class='ocrx_word' id='word_1_427' title='bbox 653 2404 748 2475; x_wconf 78' lang='lat' dir='ltr'>ppulsus</span> <span class='ocrx_word' id='word_1_428' title='bbox 780 2437 874 2469; x_wconf 77' lang='lat' dir='ltr'>venosi</span> <span class='ocrx_word' id='word_1_429' title='bbox 897 2436 927 2468; x_wconf 92' lang='grc' dir='ltr'>Ι,</span> <span class='ocrx_word' id='word_1_430' title='bbox 953 2436 987 2469; x_wconf 82' lang='lat' dir='ltr'>V.</span> <span class='ocrx_word' id='word_1_431' title='bbox 1003 2437 1092 2476; x_wconf 81' lang='lat' dir='ltr'>inque</span> <span class='ocrx_word' id='word_1_432' title='bbox 1113 2435 1199 2475; x_wconf 83' lang='lat' dir='ltr'>hujus</span> <span class='ocrx_word' id='word_1_433' title='bbox 1220 2435 1285 2469; x_wconf 87' lang='lat' dir='ltr'>libri</span> <span class='ocrx_word' id='word_1_434' title='bbox 1308 2434 1378 2469; x_wconf 74' lang='lat' dir='ltr'>Sec‘l.</span> <span class='ocrx_word' id='word_1_435' title='bbox 1396 2437 1453 2470; x_wconf 86' lang='lat' dir='ltr'>IV</span> 
     </span>
    </p>
   </div>
  </div>
 </body>
</html>
