2003 2748
337 145 421 188 330
860 128 1016 171 ZIB.
1083 126 1186 170 [V.
1250 130 1425 172 COR.

335 231 477 269 ambeat
500 259 508 273 ‚
555 229 590 266 ἃ
620 240 638 266 a
667 239 741 278 quo
777 226 855 265 satis
891 228 1049 266 celebres
1086 226 1294 277 physiologi
1335 225 1551 266 musculosas
1583 224 1687 265 fibras
1718 227 1836 268 cordis
1871 227 1934 267 de<

335 291 527 328 duxerunt.
560 287 712 326 Carneas
739 287 871 325 eodem
894 286 978 326 loco
1007 286 1109 325 fibras
1138 286 1344 336 sphindteris
1380 286 1509 324 ssmiles
1545 285 1828 326 LAN01S1us
1867 301 1935 338 po.

335 349 539 397 suit(z),
577 348 613 384 &
641 347 808 385 tend'mes
840 346 938 384 fibris
963 349 1097 385 carneis
1121 358 1166 384 ex
1196 346 1398 384 ventriculo
1442 347 1476 384 &
1503 358 1587 383 aure
1615 347 1813 384 commistis
1846 360 1934 386 con-

335 410 427 458 poni
449 436 458 450 ,
496 406 629 456 scripsit
668 407 688 454 (
715 419 738 443 a
766 406 792 452 ).
838 404 930 444 Eum
961 406 1197 456 sphincterem
1232 405 1291 443 W
1311 417 1334 442 A
1358 418 1379 442 L
1400 417 1424 442 T
1448 417 1474 442 H
1496 417 1516 441 E
1541 418 1564 442 R
1587 417 1608 442 υ
1630 418 1645 442 s
1686 405 1773 454 (h)
1805 408 1844 443 in
1869 406 1936 456 sys-

334 467 425 505 stole
453 467 573 504 cordis
600 466 733 503 ostium
757 465 923 504 auriculae
953 465 1200 514 constringere
1228 464 1363 503 docuit.
1415 464 1587 514 Denique
1621 464 1673 502 Ill.
1714 464 1935 504 SENAcus

334 538 457 566 veram
490 526 698 564 tendineam
732 524 985 567 substantiam,
1030 533 1126 563 certe
1167 526 1204 561 in
1238 524 1364 562 senum
1404 524 1635 562 cadaveribus
1678 525 1790 571 (c),
1835 537 1937 575 repe-

334 588 396 624 riri
426 585 662 624 confirmavit.
700 583 838 623 Contra
868 582 1084 622 cautiffimus
1116 585 1340 622 anatomicus
1363 611 1374 626 ,
1423 582 1454 633 J.
1490 580 1651 631 Baptista
1687 583 1936 622 Momm„

335 657 427 684 N‘us
455 645 563 692 (d),
602 646 708 682 etiam
736 645 773 682 in
798 645 956 692 juvenco
970 655 1064 693 aegre
1081 643 1289 681 tendineam
1306 643 1476 680 fabricam
1499 641 1661 680 admisit:
1694 644 1849 681 omnino
1876 656 1937 682 ve-

334 718 377 744 ro
394 706 541 752 rejecit,
564 706 627 754 qui
643 703 843 753 plurimum
863 705 901 740 in
921 703 1075 740 secando
1091 702 1123 740 se
1144 704 1325 745 exercuit,
1347 701 1377 750 J.
1417 701 1616 739 Fridericus
1632 701 1663 739 C
1676 715 1695 739 A
1708 715 1722 739 s
1735 715 1749 739 s
1764 714 1783 739 E
1797 715 1817 739 B
1831 715 1853 740 o
1867 714 1936 740 HM

335 766 422 812 (e).
448 763 526 813 Ego
540 763 770 802 verolineam
783 764 919 812 reperi,
942 762 1084 801 nullum
1096 762 1288 810 vestigium
1300 760 1471 804 musculi,
1500 760 1698 799 tendinisve
1710 761 1768 798 hic
1780 750 1931 811 re'perio.

396 822 586 863 Circulum
616 835 727 873 quem
754 823 854 865 dixi,
890 822 1085 865 callosum,
1120 820 1228 871 adeps
1245 848 1254 864 ,
1291 832 1375 859 cum
1401 829 1548 858 externa
1576 820 1696 858 cordis
1723 823 1934 859 membrana

332 883 496 922 obducit.
531 882 707 921 Continet
739 882 836 919 idem
861 881 996 920 ostium
1029 881 1205 920 venosum
1239 879 1431 923 dextrum,
1466 880 1511 918 ad
1546 878 1849 929 perpendiculum
1883 881 1933 919 ita

333 943 512 993 politum,
538 950 577 980 ut
598 943 714 990 major
735 943 810 979 axis
829 940 866 978 id
887 941 1189 991 perpendiculum
1211 939 1396 989 sequatur,
1427 938 1772 989 minorttransversus
1793 938 1843 976 fit.
1860 937 1933 990 Ita,

333 1004 373 1040 in
405 1003 575 1041 cadavere
606 1001 638 1039 se
665 1002 772 1038 habet
791 1029 800 1043 ,
835 1002 874 1038 in
903 1003 988 1039 vivo
1020 1008 1140 1039 autem
1172 999 1347 1042 homine,
1384 1001 1542 1037 maxime
1574 999 1722 1048 quando
1749 1011 1768 1037 a
1795 998 1936 1048 sangui-

333 1074 383 1108 ne
403 1075 467 1101 cor
488 1062 662 1102 subeunte
693 1059 931 1104 distenditur,
966 1072 1046 1099 non
1077 1060 1233 1099 dubium
1265 1058 1314 1096 est
1330 1086 1340 1102 ,
1378 1061 1470 1109 quin
1496 1057 1667 1099 circulare
1692 1058 1740 1096 fit.

846 1170 884 1216 ὃ.
921 1168 957 1209 V
973 1168 998 1208 1„
1064 1168 1201 1208 Anulus
1235 1165 1448 1218 valvulcffust

395 1290 451 1331 Ex
473 1304 516 1330 eo
545 1303 642 1329 nunc
668 1289 760 1327 ostio
779 1288 913 1327 venoso
930 1317 940 1332 ‚
976 1298 1045 1337 qua
1072 1294 1174 1336 parte
1205 1297 1289 1325 cum
1305 1298 1389 1325 aure
1427 1286 1691 1329 committitur,
1725 1284 1937 1324 membrana

336 1354 478 1390 'interna
500 1350 664 1389 auriculae
690 1349 842 1392 dextrae,
872 1348 1033 1397 undique
1067 1348 1104 1384 in
1130 1358 1274 1384 caveam
1290 1345 1481 1384 ventriculi
1499 1346 1686 1383 anterioris
1711 1344 1830 1382 versus
1855 1355 1936 1382 cor-

339 1413 393 1450 dis
416 1422 633 1449 mucronem
665 1408 887 1458 producitur.
925 1407 1014 1445 Non
1044 1406 1128 1444 ideo
1157 1418 1196 1443 ea
1228 1406 1438 1443 membrana
1471 1403 1623 1454 fimplex
1650 1403 1724 1446 est,
1758 1414 1844 1441 curn
1869 1401 1933 1452 ipfi

337 1471 470 1510 lamina
497 1471 541 1508 de
569 1469 779 1506 membrana
806 1469 944 1505 interna
974 1466 1091 1503 dextri
1120 1465 1312 1503 ventriculi
1338 1472 1416 1502 nata
1430 1491 1443 1507 »,
1477 1464 1641 1514 undique
1666 1461 1787 1500 fimilis
1814 1463 1849 1499 δι
1871 1474 1933 1511 pa-

337 1530 478 1572 rallela‚
505 1540 568 1579 per
582 1527 786 1566 cellulosam
803 1527 910 1564 telam
933 1525 1179 1575 adglutinetur
1193 1553 1201 1567 ,
1237 1532 1276 1561 ut
1308 1525 1463 1561 omnino
1490 1523 1567 1562 duae
1595 1523 1654 1560 hic
1677 1522 1816 1559 laminae
1835 1520 1902 1558 fint
1919 1549 1930 1564 ,

339 1603 425 1640 quas
444 1601 501 1626 aer
521 1587 662 1626 inflatus
688 1587 843 1636 separare
869 1586 995 1635 potest.
1033 1584 1098 1623 Hae
1125 1586 1202 1623 duae
1228 1583 1369 1621 laminae
1398 1595 1443 1621 ex
1464 1590 1545 1621 toto
1571 1583 1652 1621 ostii
1676 1580 1798 1619 venofi
1821 1581 1934 1618 ambi-

336 1658 378 1688 tu
402 1651 449 1687 ita
475 1647 727 1698 producuntur
744 1674 754 1688 ,
789 1653 829 1684 ut
850 1643 977 1684 anulus
1005 1645 1167 1693 undique
1195 1646 1411 1686 continuus,
1446 1654 1492 1680 ex
1517 1655 1556 1679 ea
1584 1642 1665 1680 sede
1698 1639 1933 1678 finistrorsum

338 1709 513 1758 prodeat,
549 1707 691 1757 qualem
729 1706 879 1744 anulum
915 1706 1013 1743 rudis
1050 1704 1164 1747 olim,
1195 1715 1273 1741 non
1306 1711 1426 1741 tamen
1463 1702 1622 1745 inutilis,
1657 1699 1771 1749 figura
1795 1697 1934 1746 „jacohi

340 1767 668 1817 Beni-:nonu
699 1763 799 1812 (f),
835 1764 966 1802 deinde
987 1765 1185 1801 ornatiores
1204 1763 1303 1805 aliae,
1339 1760 1770 1808 EusTACH11(g)‚
1803 1758 1933 1796 Cow‘

341 1838 361 1864 Ρ
376 1837 395 1863 E
410 1840 433 1864 R
448 1838 461 1862 1
491 1822 601 1873 (h),
637 1823 869 1861 Vmussmn
890 1821 968 1870 (ι’)
990 1823 1026 1859 &
1047 1822 1088 1868 J.
1114 1820 1275 1869 Baptistae
1307 1821 1399 1858 SEN
1414 1832 1468 1857 ac
1488 1821 1571 1866 (lc)
1596 1819 1688 1857 rec'te
1710 1819 1927 1866 exprimunt.

339 1885 497 1925 Unicam
525 1884 633 1922 etiam
662 1882 911 1921 membranam
932 1879 998 1919 effe
1015 1908 1024 1924 ,
1061 1891 1139 1930 quae
1170 1882 1209 1918 in
1237 1879 1367 1918 ostium
1395 1878 1566 1918 venosum
1590 1877 1835 1929 producatur,
1867 1875 1933 1913 due

1844 1934 1934 1973 dum

383 2000 457 2038 (z)
478 2000 496 2030 l.
512 2010 535 2031 c,
560 2008 587 2039 p.
606 2003 653 2038 48.
673 2007 707 2036 51
726 1999 779 2030 διο,

384 2043 458 2079 (a)
477 2041 546 2071 ibid.
569 2051 596 2079 p.
621 2049 664 2075 ςι.

384 2083 426 2119 (b
445 2084 456 2119 )
480 2082 497 2112 l.
517 2092 542 2113 c.
563 2092 591 2120 p.
615 2080 694 2113 vm.

385 2125 452 2160 (c)
478 2123 496 2152 l.
514 2133 538 2153 c.
556 2132 668 2160 p.z¹1.

383 2165 430 2200 <d
445 2167 457 2198 )
480 2164 602 2194 Advers.
626 2163 656 2192 V.
672 2172 699 2200 p.
719 2171 765 2192 21.

382 2206 449 2241 (e)
472 2204 505 2235 Ei
525 2206 600 2234 enim
619 2203 774 2242 profectori
796 2208 914 2242 accepta
932 2201 1043 2239 refero,
1069 2210 1131 2241 quae
1151 2199 1240 2232 habet
1261 2201 1326 2231 Car.
1350 2199 1425 2230 Phil.
1447 2198 1499 2230 Gr.
1513 2208 1581 2230 Ass
1601 2197 1617 2229 l.
1634 2207 1657 2229 c.
1675 2205 1702 2236 p.
1728 2205 1775 2236 27.

388 2248 401 2282 (
413 2246 433 2284 f
442 2247 454 2282 )
474 2245 506 2275 In
531 2243 639 2284 Ifizgoge
662 2245 844 2275 Anatomica.

387 2287 455 2327 (g)
477 2286 547 2315 Tab.
571 2290 615 2315 16.
642 2285 658 2314 f
683 2294 709 2321 3.

386 2328 457 2364 (h)
480 2327 619 2363 Myoeom
642 2336 705 2354 nov.
722 2328 780 2356 tab.
810 2332 853 2364 38.
879 2326 897 2356 f.
917 2327 980 2356 112.
1000 2326 1058 2355 tab.
1072 2334 1116 2363 39.
1133 2324 1149 2354 f.
1174 2334 1198 2355 1.
1218 2333 1243 2354 2.
1260 2331 1321 2361 quae
1336 2321 1506 2353 nitidiffimae
1522 2318 1594 2353 funt.

380 2369 424 2404 (i
441 2369 454 2404 >
473 2369 515 2397 De
535 2372 625 2396 remot
640 2366 677 2402 ἐξ
696 2369 817 2403 proxim.
840 2369 958 2404 princip.
981 2366 1053 2397 Tab.
1073 2367 1099 2395 6.
1125 2368 1152 2397 δε
1173 2367 1213 2398 du
1226 2375 1299 2394 caeur
1319 2365 1375 2395 tab.
1407 2375 1450 2394 ιο.
1466 2364 1484 2394 f.
1505 2374 1528 2393 1.
1551 2372 1579 2393 2.

386 2410 457 2446 (k)
484 2408 557 2438 Tah.
582 2417 622 2446 ¹4-
642 2409 668 2437 δι
684 2408 800 2437 nitidius
824 2407 895 2438 Tab.
920 2416 966 2439 12.
982 2408 1012 2438 A.
1039 2408 1068 2438 A.
1094 2408 1120 2438 δι
1135 2406 1207 2438 Tab.
1229 2417 1270 2436 11.
1297 2406 1378 2437 Adde
1401 2415 1478 2438 nunc
1499 2405 1596 2439 icones
1612 2402 1712 2435 Vror
1735 2400 1860 2433 Vxnn
1875 2396 1935 2430 tab.

349 2456 400 2489 75.
423 2449 442 2479 f.
462 2459 505 2480 n..
524 2450 549 2479 δι
572 2448 601 2479 in
617 2447 771 2487 elephanto
789 2449 908 2488 figuram
928 2449 1070 2484 Gue'lielmi
1091 2449 1109 2481 S
1123 2458 1173 2480 τυ
1185 2458 1205 2481 K
1217 2458 1232 2481 a
1244 2459 1260 2479 ι.
1273 2457 1292 2481 Ε
1304 2457 1324 2479 Υ
1348 2447 1366 2479 l.
1381 2457 1408 2480 c.
1534 2443 1539 2448 ’
