2003 2748
321 121 409 184 4f4‘
845 133 1407 175 LJB.JV.COR.

320 229 338 258 Γ
383 231 519 270 Arteria
547 231 714 278 princeps
743 227 817 276 (δι
849 229 999 277 perinde
1026 222 1277 279 pulmonalis)
1310 229 1501 279 postquam
1527 243 1545 267 a
1577 227 1747 279 sanguine
1771 230 1912 282 inpulso

324 291 522 330 intumuit,
557 288 666 337 paulo
689 287 770 337 post
790 287 963 331 subsidet,
997 288 1067 326 five
1087 289 1125 326 id
1144 291 1188 326 ab
1212 290 1340 327 elatere
1360 289 1437 326 solo
1463 288 1521 326 fiat
1536 318 1544 332 ,
1580 289 1649 327 five
1674 302 1692 327 a
1717 291 1913 330 musculosa

322 351 369 386 vi.
406 346 603 386 ConstriCta
627 346 835 395 sanguinem
853 346 1025 397 propellit
1046 349 1229 397 undique,
1258 350 1462 397 iterumque
1482 349 1564 385 &in
1590 361 1708 386 ramos
1722 349 1803 387 suos
1822 351 1914 388 viam

321 409 485 449 invenit,
520 406 556 443 δι
582 418 750 444 cruorem
774 406 890 445 versus
916 419 997 449 cor,
1027 408 1332 455 nunclanguens,
1364 419 1482 456 neque
1504 407 1703 456 quidquam
1729 410 1913 446 remittens

322 468 413 503 novi
440 466 579 503 cruoris
599 493 609 507 ,
647 465 857 514 repelleret,
892 465 956 502 nisi
982 466 1136 504 valvulas
1156 465 1386 504 semilunares
1415 466 1512 503 naffita
1536 466 1630 503 foret
1657 469 1706 515 (y
1721 467 1752 515 ).

385 524 550 570 Qiando
566 526 662 560 enim
686 525 836 573 parietes
856 533 964 562 aortae
976 525 1150 563 arctantur
1162 554 1171 568 ,
1196 525 1230 562 &
1243 525 1452 573 sanguinem
1466 527 1589 562 arteria
1606 535 1819 563 contentum
1833 526 1918 575 pr0-'

321 583 464 633 pellunt
479 612 488 626 ,
524 582 679 620 offendit
698 583 795 620 idem
811 612 820 626 ,
846 585 884 620 in
909 584 1104 622 direstione
1120 585 1163 622 ad
1196 596 1259 621 cor
1285 584 1460 627 ducente,
1494 592 1613 634 aperta
1633 585 1720 622 ostia
1735 597 1916 623 caecorum

323 641 466 680 finuuni
491 642 758 680 valvulosorum
775 671 784 684 ,
820 655 932 692 eaque
955 643 1071 686 subit,
1107 643 1241 692 replet,
1280 643 1502 680 valvularum
1533 644 1680 681 mobilia
1706 644 1783 681 vela
1808 657 1825 681 a
1855 657 1916 693 pa-

321 703 471 740 rietibus
493 701 612 739 cordis
644 701 836 742 dimovet,
872 703 907 739 &
933 701 1050 739 versus
1074 704 1156 739 axin
1185 710 1290 749 urget
1310 730 1319 743 ,
1356 702 1474 738 donec
1495 709 1564 739 tres
1587 702 1745 750 expansae
1767 699 1915 740 valvulae

322 761 524 808 conjunstae
549 761 711 797 arteriam
738 761 878 808 integre
900 761 1066 799 claudant
1081 790 1090 803 ,
1131 762 1165 798 δι
1188 759 1383 808 regressum
1412 760 1591 810 sanguinis
1609 763 1646 797 in
1671 756 1914 799 cot-'omniuo

320 821 574 868 intercipiant,
609 831 693 857 cum
719 819 922 858 mensuram
944 819 1090 857 sec‘tioni
1115 821 1248 856 arteriae
1271 819 1444 869 aequalem
1472 821 1532 867 (z
1550 820 1569 867 )
1590 820 1698 857 nat'tae
1719 819 1794 857 fint.
1831 821 1862 857 A
1877 820 1915 857 fi-

320 879 393 916 bris
431 891 516 915 vero
543 878 722 916 tendineis
746 879 859 916 robur
883 879 1105 917 valvularum
1134 885 1315 927 augetur,
1350 885 1391 916 ut
1427 891 1471 916 eo
1498 879 1634 916 facilius
1657 881 1837 928 impetum
1861 872 1916 916 ress

319 939 525 975 tronitentis
540 938 645 976 undae
661 937 871 979 sustineant,
889 936 950 975 etfi
962 939 1036 974 vim
1054 937 1298 975 contrastilem
1313 966 1322 980 ‚
1341 939 1376 974 ὃς
1388 938 1595 975 irritabilem
1611 938 1665 985 (a
1681 938 1718 983 ),
1746 933 1916 976 tendinea

319 1005 445 1034 natura
473 1008 550 1034 non
576 998 715 1045 optime
739 996 904 1046 admittit.
940 995 1072 1033 Aerem
1096 997 1108 1036 (
1123 995 1177 1041 h)
1212 1002 1307 1033 certe
1327 1003 1453 1034 contra
1483 1009 1546 1034 cor
1561 997 1762 1045 inpulsum,
1798 998 1835 1034 &
1858 1009 1916 1034 ce-

318 1068 393 1093 rani
420 1056 635 1105 plerumque
660 1055 801 1092 acorde
818 1061 1003 1098 avertunt,
1039 1066 1159 1103 neque
1182 1056 1280 1104 prius
1297 1063 1536 1105 rumpuntur,
1572 1067 1679 1105 quam
1697 1058 1771 1093 vim
1799 1068 1916 1104 aequa-

318 1115 391 1152 lem
419 1120 467 1158 63
500 1114 584 1161 (c)
630 1113 728 1150 libris
753 1112 854 1162 paffae
883 1114 1025 1151 fuerint.
1061 1113 1104 1151 Et
1124 1115 1162 1150 in
1185 1116 1270 1150 vivo
1298 1115 1449 1152 animale
1468 1139 1478 1156 ,
1520 1114 1654 1152 etiamsi
1681 1122 1779 1152 aorta
1808 1110 1916 1163 ligata

317 1174 451 1216 fuerit,
487 1181 607 1210 tamen
635 1171 724 1209 nihil
744 1174 780 1209 in
814 1184 878 1209 cor
908 1173 1028 1216 redit,
1065 1185 1148 1210 cum
1184 1175 1308 1210 arteria
1329 1173 1477 1211 distenta
1498 1173 1531 1210 se
1555 1174 1746 1217 sustineat,
1782 1173 1915 1222 collap-

318 1233 395 1270 sura
413 1261 422 1275 ,
461 1231 485 1269 fi
507 1234 543 1269 in
572 1244 635 1269 cor
661 1231 695 1268 se
715 1232 896 1268 exinanire
921 1231 1035 1280 posset
1069 1232 1132 1278 (d
1145 1234 1170 1277 ).
1215 1231 1376 1269 Fuerunt
1405 1240 1549 1274 tamen,
1601 1234 1664 1281 qui
1698 1234 1735 1270 in
1763 1232 1914 1269 homine

318 1291 495 1328 febriente
521 1292 557 1327 ἃ
585 1290 788 1339 plethorico
814 1290 946 1338 aliquid
977 1290 1085 1327 relabi
1116 1281 1334 1338 suspicentur
1361 1290 1416 1338 (e
1433 1288 1448 1339 )
1464 1319 1473 1333 ,
1511 1291 1546 1327 &
1570 1292 1607 1327 in
1628 1291 1764 1340 punfto
1790 1291 1915 1328 salien-

319 1358 355 1387 te
380 1362 457 1387 non
483 1348 651 1386 rariffime
676 1349 830 1398 aliquam
854 1357 994 1397 partem
1020 1348 1201 1395 sanguinis
1226 1349 1271 1385 de
1296 1357 1394 1386 aorta
1421 1352 1457 1386 in
1475 1348 1651 1386 sinistrum
1674 1349 1915 1387 ventriculum

319 1408 458 1446 rediisse
488 1409 569 1445 vidi.
607 1407 748 1445 Verum
774 1407 811 1444 id
838 1420 856 1444 a
886 1417 1009 1445 natura
1038 1407 1109 1444 sani
1139 1408 1174 1444 <Sc
1208 1409 1340 1456 integri
1379 1410 1541 1457 corporis
1570 1409 1727 1446 alienum
1761 1409 1818 1445 est.
1866 1407 1914 1447 Ea

320 1470 418 1505 enim
449 1467 545 1506 unda
577 1466 756 1515 sanguinis
772 1495 781 1508 ,
810 1479 887 1515 quae
906 1467 949 1503 ab
966 1474 1073 1518 aortae
1089 1466 1217 1515 systole
1238 1469 1366 1515 agitata
1382 1468 1419 1504 in
1440 1479 1503 1504 cor
1529 1467 1644 1504 redire
1665 1476 1816 1505 conatur
1830 1495 1839 1509 ‚
1875 1479 1914 1504 ea

320 1540 384 1566 cor
409 1525 652 1576 plenissimum
669 1524 851 1567 offendit,
888 1526 923 1562 &
944 1525 1131 1563 columnas
1166 1525 1346 1574 sanguinis
1382 1525 1577 1563 resistentes
1611 1528 1773 1568 invenit,
1835 1538 1913 1574 quae

319 1598 420 1625 nunc
448 1587 606 1623 maxime
634 1597 678 1622 ex
706 1584 862 1622 auricula
887 1585 926 1621 in
960 1596 1024 1622 cor
1059 1585 1249 1627 nituntur,
1292 1585 1586 1634 valvularumque
1618 1587 1785 1622 renixum
1814 1585 1913 1632 adju-

319 1655 414 1683 vant.
451 1644 488 1682 Si
507 1656 593 1682 vero
627 1645 784 1681 omnino
809 1644 864 1681 via
886 1644 979 1680 inter
1007 1643 1164 1681 valvulas
1192 1643 1421 1682 semilunares
1448 1653 1566 1692 aperta
1589 1653 1750 1693 pateret,
1802 1643 1913 1681 acces-

320 1706 408 1742 soria
442 1705 518 1741 haec
546 1703 727 1752 sanguinis
764 1704 893 1752 copia,
944 1714 1029 1740 cum
1057 1701 1180 1740 venosi
1212 1705 1350 1741 cruoris
1377 1704 1539 1752 legitima
1560 1715 1656 1751 penu
1690 1703 1878 1750 conjuncta
1899 1731 1909 1744 ,

320 1765 446 1812 utique
462 1762 704 1799 ventriculum
734 1760 911 1799 sinistrum
932 1759 1034 1810 supra
1064 1762 1263 1809 legitimam
1292 1762 1492 1800 mensuram
1521 1762 1705 1803 dilataret,
1747 1762 1782 1798 &
1812 1772 1911 1808 repe-

291 1837 295 1839 *
321 1824 394 1860 titis
408 1814 693 1858 v'distentionibus
715 1819 860 1855 tandem
878 1819 1076 1856 validarum
1096 1820 1264 1867 equidem
1292 1822 1452 1858 carnium
1471 1821 1589 1857 cordis
1613 1821 1738 1856 robori
1763 1820 1835 1855 vim
1857 1821 1911 1854 in-

336 1888 450 1922 erret,
484 1885 525 1916 ut
546 1881 583 1915 in
611 1876 863 1926 aneurysmatis
881 1876 1045 1924 {modum
1066 1888 1129 1913 cor
1152 1876 1266 1925 ipsum
1294 1877 1552 1915 intumesceret.
1606 1876 1648 1914 Id
1679 1878 1776 1913 enim
1804 1879 1910 1916 toties

320 1941 451 1978 fastum
483 1939 660 1987 reperias,
695 1937 837 1984 quoties
863 1935 1010 1972 valvulae
1038 1935 1287 1978 semilunares‚
1319 1935 1440 1978 osseae,
1475 1943 1535 1973 aut
1562 1935 1819 1983 cartilagineae,
1850 1943 1912 1973 aut

320 1999 447 2049 lapillis
459 1997 565 2039 fartae,
582 1995 790 2044 rigidaeque,
813 2007 831 2030 a
844 1993 1013 2042 sanguine
1027 1993 1189 2035 distendi,
1209 1994 1413 2044 ostiumque
1428 2002 1535 2031 aortae
1550 1994 1712 2039 claudere
1724 1993 1905 2032 cessarunt.

316 2071 322 2074 ·
379 2056 600 2106 Aneurysma
617 2054 736 2093 cordis
750 2082 760 2096 ‚
796 2065 880 2091 cuni
901 2053 979 2090 duae
997 2052 1145 2091 valvulae
1167 2052 1396 2091 semilunares
1421 2053 1656 2103 cartilagineae
1682 2051 1807 2096 effent,
1839 2060 1908 2090 ter-

1861 2113 1908 2149 tia

362 2209 442 2246 (y)
464 2211 576 2244 1³·338·
603 2213 668 2242 339-
691 2213 756 2241 347·
982 2245 988 2251 ⁶

362 2250 438 2285 (z)
461 2248 527 2277 ibid.
550 2245 632 2275 Conf.
652 2245 707 2274 GA
721 2256 738 2273 L
753 2254 769 2273 Ε
785 2252 872 2273 NUM
896 2245 929 2273 de
947 2246 1029 2281 Hzpp.
1047 2243 1087 2280 ἐξ
1108 2245 1183 2276 Plat.
1208 2246 1312 2279 decret.
1334 2245 1364 2277 L.
1380 2245 1408 2282 6.
1422 2255 1444 2277 c.
1461 2247 1486 2277 6.
1506 2243 1524 2276 S
1539 2252 1588 2276 ΕΝ
1603 2251 1623 2276 Δ
1642 2253 1660 2274 c
1694 2253 1722 2283 p<
1743 2251 1808 2282 359.

595 2296 603 2302 ,
733 2291 759 2313 0,

360 2289 609 2366 ἑῖζῗῖἱὶἒζ.
636 2295 671 2355 gd
691 2288 971 2355 1316ERNAN932
999 2335 1027 2363 p.
1057 2328 1124 2357 606.

359 2370 469 2446 ξπ]

360 2451 402 2486 (e
421 2450 434 2487 )

472 2391 476 2396 .
505 2378 527 2397 c.
556 2377 583 2404 p.
616 2375 678 2401 ¹²4·

468 2409 638 2438 ΥἱειΒοΝ
673 2407 706 2434 de
732 2406 853 2435 valvulis
882 2416 911 2437 n.
944 2416 988 2441 50.

457 2418 506 2479 ἔτ
535 2459 559 2477 ff.
578 2455 728 2477 flnLiN.
763 2447 794 2475 cie
812 2444 908 2483 puffib.
930 2455 958 2484 p.
989 2456 1032 2484 15.
