2003 2748
402 120 591 174 ‘sauz
625 128 716 172 JV.
769 127 1018 172 morus
1066 127 1345 182 coaors.
1603 139 1680 176 421

546 249 580 290 5.
615 243 657 283 Χ
675 243 716 282 X
733 242 748 282 I
763 242 780 280 I
794 242 821 280 I.
889 242 935 280 Et
957 239 1191 290 Nichoffianc'z.

132 352 209 392 Alia
223 352 432 406 hypothesis
454 354 561 391 etiam
585 355 700 402 magis
719 354 761 390 iis
779 352 956 391 contraria
970 352 1156 394 renititur,
1182 363 1262 400 quae
1276 349 1546 400 proposuimus
1574 347 1686 387 Fran-

73 411 179 462 cg'scus
205 414 243 452 N
258 428 269 451 1
287 426 307 451 c
322 427 346 451 H
359 427 382 451 o
395 426 415 451 L
429 426 474 450 ts
487 441 496 455 ,
535 412 644 450 MEA
659 425 683 450 D
698 425 711 449 1
727 425 739 448 1
762 412 861 449 idem
878 410 1084 449 clariffimus
1111 411 1148 448 &
1167 423 1279 458 gener
1299 412 1334 448 ὃς
1352 409 1546 452 successor,
1581 411 1686 448 aliam

72 483 91 507 a
125 473 244 511 nostra
267 474 393 512 seriem
415 480 585 509 motuum
613 473 651 508 in
679 471 790 509 corde
814 472 850 508 Sc
877 470 1043 509 auriculis
1069 470 1265 508 constituit.
1315 470 1439 508 Primo
1460 469 1685 520 tempusculo

72 532 120 567 ait
147 530 279 581 (m),
314 544 436 570 aurem
469 531 632 568 dextram
660 530 796 579 pulsare
823 532 861 568 δι
893 530 1106 578 sanguinem
1143 530 1347 579 expellere:
1404 529 1517 567 altero
1554 530 1687 567 ventri-

72 591 197 630 culum
251 594 328 640 ejus
383 591 501 630 lateris
540 618 551 633 ,
616 591 725 627 tertio
784 592 948 627 arteriam
1005 590 1255 639 pulmonalem
1293 602 1304 636 ς
1370 596 1500 639 quarto
1546 591 1687 627 auricu-

72 651 144 688 lam
175 650 381 689 sinistram:
442 652 573 700 quinto
611 650 854 688 ventriculum
893 649 1071 688 finistrum
1100 649 1275 687 contrahi.
1326 649 1379 687 Ita
1401 649 1526 692 fieret,
1564 658 1604 687 ut
1624 656 1685 686 aut

71 710 278 749 constriffio
302 717 363 749 aut
389 710 573 752 dilatatio,
607 722 692 747 nam
718 709 869 759 perinde
899 709 949 747 est
967 738 976 752 ,
1010 709 1177 747 auriculae
1205 710 1340 746 dextrae
1355 709 1498 747 caderet
1521 710 1557 745 in
1585 709 1684 745 idem

71 770 339 820 tempusculum
358 798 368 813 ‚
403 781 489 808 cum
517 769 727 807 dilatatione
756 777 816 807 aut
839 768 1094 806 constrictione
1123 769 1289 807 auriculae
1331 767 1473 806 finistrae
1488 780 1501 812 ;
1534 768 1685 818 sequen-

73 836 108 867 te
139 842 225 868 vero
246 830 422 880 temporis
441 837 635 867 momento
665 829 792 865 dexter
818 828 968 877 quidem
988 829 1210 866 ventriculus
1235 828 1387 877 pulsaret
1408 856 1417 870 ,
1453 840 1529 877 quo
1551 828 1627 876 ipso
1645 826 1686 864 fi-

72 889 181 927 nister
200 890 376 928 thalamus
398 889 628 928 dilataretur:
671 895 780 938 atque
801 888 893 925 adeo
920 887 1059 937 semper
1082 887 1152 924 alio
1182 894 1350 936 tempore
1375 888 1500 924 dextra
1528 885 1687 924 auricula

72 948 252 998 pulsaret,
287 950 359 988 alio
390 948 546 992 finistra,
590 948 626 986 δε
655 947 807 997 perinde
829 959 948 996 neque
969 947 1113 996 pulsus,
1168 959 1289 997 neque
1320 945 1477 984 remiffio
1500 946 1686 996 utriusque

73 1009 290 1053 ventriculi,
315 1021 479 1059 unquam
499 1009 538 1046 in
556 1006 654 1045 idem
671 1006 939 1056 tempusculum
961 1006 1146 1044 incideret.

133 1067 251 1107 Facile
270 1069 441 1119 adparet,
476 1068 648 1107 fabricam
668 1067 792 1105 cordis
822 1067 859 1104 δε
880 1066 1122 1104 auricularum
1149 1078 1232 1103 cum
1254 1065 1321 1103 hac
1345 1064 1537 1116 hypothesi
1561 1066 1687 1103 conci-

74 1126 153 1165 liari
176 1141 253 1166 non
282 1127 390 1178 posse.
425 1126 524 1167 Nam
547 1127 674 1165 dextra
692 1126 842 1177 quidem
866 1126 1025 1164 auricula
1049 1138 1135 1164 cum
1154 1124 1287 1163 sinistra
1311 1137 1549 1163 communem
1571 1126 1685 1175 parie-

74 1192 152 1224 tem
181 1188 288 1225 habet
305 1191 322 1237 (
336 1199 361 1224 n
380 1188 399 1235 )
416 1215 427 1229 ‚
466 1188 529 1237 qui
553 1186 695 1236 septum
723 1193 873 1224 vocatur
894 1184 1047 1224 finuum.
1081 1184 1251 1224 Omnino
1275 1196 1362 1223 vero
1385 1192 1589 1235 repugnat,
1630 1185 1687 1222 di-

75 1244 173 1285 versa
194 1256 359 1297 tempora
377 1244 444 1283 esse
459 1274 470 1288 ,
496 1257 571 1297 quo
593 1246 718 1284 dextra
728 1245 886 1284 auricula
911 1244 1165 1288 contrahatur,
1198 1246 1234 1281 &
1252 1257 1328 1294 quo
1351 1244 1503 1287 sinistra,
1538 1256 1623 1282 cum
1644 1243 1685 1281 fi-

76 1306 151 1344 brae
172 1306 339 1345 auriculae
354 1306 488 1344 dextrae
507 1318 592 1345 cum
613 1305 756 1344 finistrae
773 1304 891 1349 fibris.
918 1306 956 1343 in
979 1317 1024 1343 eo
1042 1304 1141 1354 septo
1163 1306 1378 1342 intricentur
1403 1305 1439 1341 δι
1457 1304 1680 1347 cohaereant,

78 1365 118 1404 &
136 1367 189 1404 vel
205 1367 393 1406 contractae
414 1372 605 1416 utramque
621 1365 814 1404 necessario
835 1364 1030 1403 auriculam
1045 1365 1311 1413 constringant,
1337 1364 1393 1402 vel
1411 1364 1533 1402 laxatae
1549 1371 1684 1406 utram*

78 1437 152 1476 que
174 1427 304 1465 laxent.
342 1426 530 1465 Absonum
553 1423 660 1468 esset,
692 1426 730 1462 id
758 1425 1000 1463 auricularum
1019 1424 1159 1474 septum
1184 1423 1316 1462 eodem
1347 1433 1514 1473 tempore
1541 1432 1686 1462 contra-

78 1485 143 1529 hi,
177 1489 260 1537 quia
281 1486 415 1525 finister
437 1484 532 1524 finus
559 1484 809 1527 contrahitur,
846 1485 882 1522 ὃ(
909 1484 1009 1522 idem
1039 1484 1148 1521 laxari
1171 1493 1292 1521 tamen
1312 1511 1321 1526 ‚
1362 1485 1445 1533 quia
1472 1484 1598 1521 dexter
1622 1496 1686 1521 eo-

79 1545 168 1583 dem
188 1553 356 1597 tempore
381 1545 414 1583 se
440 1547 599 1583 remittit.
645 1545 750 1583 Adde
777 1547 814 1582 in
834 1544 911 1583 fetu
946 1545 1102 1582 omnino
1127 1543 1215 1584 duas
1241 1555 1343 1582 aures
1368 1544 1513 1582 unicam
1539 1554 1688 1581 caveam

81 1603 225 1644 efficere
240 1635 250 1650 ,
286 1605 496 1656 imperfecto
521 1605 621 1655 septo
647 1617 724 1643 non
749 1606 893 1654 penitus
922 1603 1080 1642 divisam.

144 1666 217 1704 Sed
249 1665 538 1705 ventriculorum
562 1677 684 1703 carnes
717 1667 756 1702 in
784 1665 883 1714 septo
909 1664 1031 1702 cordis
1067 1666 1175 1701 etiam
1203 1664 1318 1714 magis
1340 1661 1564 1713 inseparabili
1589 1673 1689 1700 nexu

82 1725 280 1765 miscentur
301 1727 355 1775 (ο
374 1725 410 1773 ),
446 1726 654 1776 dextraeque
674 1725 719 1763 ad
747 1724 926 1762 sinistrum
952 1724 1194 1762 ventriculum
1227 1723 1410 1762 transeunt
1428 1751 1437 1766 ,
1473 1724 1508 1760 δι
1541 1721 1691 1759 vic'issim

83 1785 228 1824 smistrae
252 1786 297 1823 ad
324 1786 518 1823 dextrum:
552 1793 593 1824 ut
619 1787 775 1823 omnino
794 1787 926 1823 iterum
942 1812 952 1827 ,
986 1785 1135 1834 quando
1152 1783 1271 1822 dextri
1290 1782 1410 1822 cordis
1437 1794 1561 1821 carnes
1599 1794 1691 1819 con-²

84 1846 331 1895 stringuntur,
366 1858 437 1883 una
454 1845 492 1882 ὃς
519 1843 624 1883 fibras
657 1856 677 1882 a
701 1843 840 1882 sinistro
869 1843 1075 1882 ventriculo
1101 1856 1148 1882 eo
1179 1842 1294 1881 miffas
1323 1843 1525 1891 constringi
1552 1839 1689 1878 necesse

85 1904 151 1947 fit,
185 1906 224 1942 δι
249 1903 399 1942 viciffim
422 1904 550 1941 sinistri
585 1904 775 1942 ventriculi
800 1917 857 1941 eas
876 1903 981 1941 fibras
1008 1903 1199 1944 contrahi,
1235 1914 1322 1952 quas
1348 1901 1474 1938 dexter
1507 1901 1690 1938 ventricu-

87 1963 145 2002 lus
176 1962 315 2000 finistro
339 1962 454 2000 tradit.
504 1961 595 2000 Non
626 1964 781 2011 ignoro,
815 1960 915 2011 posse
947 1963 1055 2000 unius
1084 1960 1236 2000 musculi
1269 1960 1373 2000 fibras
1396 1960 1531 2010 aliquas
1556 1972 1685 2009 agere.

89 2022 179 2061 dum
200 2023 275 2061 aliae
304 2021 502 2072 quiescunt.
536 2020 678 2060 Verum
711 2021 749 2060 id
777 2023 883 2060 unice
912 2021 958 2060 de
985 2022 1125 2060 lacertis
1155 2021 1224 2058 illis
1252 2021 1373 2065 rectis,
1406 2020 1600 2070 parallelis,
1636 2020 1692 2057 so-

88 2081 129 2121 lo
156 2083 261 2132 adipe
286 2083 488 2130 conjunctis
513 2094 641 2121 verum
670 2082 744 2125 est,
779 2083 843 2132 qui
858 2092 1012 2131 magnos
1038 2081 1221 2120 musculos
1252 2082 1478 2129 conjungere
1502 2079 1627 2118 solent.

149 2142 297 2182 Deinde
330 2143 621 2186 observationes,
655 2153 744 2193 quas
767 2142 932 2182 maximo
960 2154 1116 2181 numero
1149 2144 1390 2179 enarravimus
1422 2141 1525 2188 (p),
1562 2152 1691 2178 omnes

1068 2201 1182 2252 Ggg
1218 2210 1236 2245 ³
1655 2201 1694 2238 21¹

133 2316 212 2353 (m)
235 2318 384 2355 Compend.
408 2319 500 2351 Anat.
521 2320 666 2353 Oeconom.
692 2329 710 2360 p
746 2324 792 2357 27.

133 2361 185 2392 (η
207 2364 214 2390 l
238 2358 479 2391 Vitusszus
503 2368 540 2392 tr.
568 2365 608 2392 du
626 2373 698 2392 coeur
716 2372 743 2401 p.
770 2371 817 2396 4¹-
845 2358 921 2392 conf.
943 2370 969 2399 p.
989 2366 1052 2400 3232

133 2398 186 2432 (0
208 2401 220 2435 )
242 2409 270 2437 P·
292 2411 357 2435 352·
378 2403 405 2432 δέ
431 2402 694 2435 V¹13ussuus
718 2408 814 2442 1288.

135 2439 215 2479 (1³)
237 2450 264 2478 p-
285 2446 355 2480 4¹⁶·
374 2453 443 2482 4¹⁷·
464 2449 536 2482 418.
