<?xml version="1.0" encoding="UTF-8"?>
<!DOCTYPE html PUBLIC "-//W3C//DTD XHTML 1.0 Transitional//EN"
    "http://www.w3.org/TR/xhtml1/DTD/xhtml1-transitional.dtd">
<html xmlns="http://www.w3.org/1999/xhtml" xml:lang="en" lang="en">
 <head>
  <title>
</title>
<meta http-equiv="Content-Type" content="text/html;charset=utf-8" />
  <meta name='ocr-system' content='tesseract 3.04.00' />
  <meta name='ocr-capabilities' content='ocr_page ocr_carea ocr_par ocr_line ocrx_word'/>
</head>
<body>
  <div class='ocr_page' id='page_1' title='image "./elementaphysiolo01hall_0175.png"; bbox 0 0 2003 2748; ppageno 0'>
   <div class='ocr_carea' id='block_1_1' title="bbox 542 137 1664 188">
    <p class='ocr_par' dir='ltr' id='par_1_1' title="bbox 542 137 1664 188">
     <span class='ocr_line' id='line_1_1' title="bbox 542 137 1664 188; baseline -0.003 -9"><span class='ocrx_word' id='word_1_1' title='bbox 542 140 768 181; x_wconf 78' lang='lat' dir='ltr'><em>SECT.</em></span> <span class='ocrx_word' id='word_1_2' title='bbox 818 139 889 179; x_wconf 91' lang='lat' dir='ltr'>II.</span> <span class='ocrx_word' id='word_1_3' title='bbox 952 137 1198 179; x_wconf 82' lang='lat' dir='ltr'>VENAE.</span> <span class='ocrx_word' id='word_1_4' title='bbox 1587 151 1664 188; x_wconf 85' lang='lat'>149</span> 
     </span>
    </p>
   </div>
   <div class='ocr_carea' id='block_1_2' title="bbox 76 234 1671 2060">
    <p class='ocr_par' dir='ltr' id='par_1_2' title="bbox 78 234 1670 337">
     <span class='ocr_line' id='line_1_2' title="bbox 78 234 1670 286; baseline -0.003 -9"><span class='ocrx_word' id='word_1_5' title='bbox 78 238 147 278; x_wconf 83' lang='lat' dir='ltr'>effe</span> <span class='ocrx_word' id='word_1_6' title='bbox 165 267 175 282; x_wconf 93' lang='lat'>,</span> <span class='ocrx_word' id='word_1_7' title='bbox 211 236 364 281; x_wconf 58' lang='lat' dir='ltr'>caverej</span> <span class='ocrx_word' id='word_1_8' title='bbox 397 249 443 276; x_wconf 89' lang='lat' dir='ltr'>ne</span> <span class='ocrx_word' id='word_1_9' title='bbox 472 236 613 286; x_wconf 84' lang='lat' dir='ltr'>sanguis</span> <span class='ocrx_word' id='word_1_10' title='bbox 638 238 675 273; x_wconf 88' lang='lat' dir='ltr'>in</span> <span class='ocrx_word' id='word_1_11' title='bbox 702 236 850 274; x_wconf 59' lang='lat' dir='ltr'>dudum</span> <span class='ocrx_word' id='word_1_12' title='bbox 880 235 1112 274; x_wconf 85' lang='lat' dir='ltr'>thoracicum</span> <span class='ocrx_word' id='word_1_13' title='bbox 1130 234 1323 273; x_wconf 77' lang='lat' dir='ltr'>relabatur.</span> <span class='ocrx_word' id='word_1_14' title='bbox 1358 234 1529 284; x_wconf 87' lang='lat' dir='ltr'>Proprius</span> <span class='ocrx_word' id='word_1_15' title='bbox 1550 242 1670 274; x_wconf 85' lang='lat' dir='ltr'>autem</span> 
     </span>
     <span class='ocr_line' id='line_1_3' title="bbox 79 295 909 337; baseline -0.006 -1"><span class='ocrx_word' id='word_1_16' title='bbox 79 298 166 337; x_wconf 82' lang='lat' dir='ltr'>huic</span> <span class='ocrx_word' id='word_1_17' title='bbox 193 298 340 336; x_wconf 81' lang='lat' dir='ltr'>valvulae</span> <span class='ocrx_word' id='word_1_18' title='bbox 366 297 606 335; x_wconf 74' lang='lat' dir='ltr'>describendae</span> <span class='ocrx_word' id='word_1_19' title='bbox 633 296 735 334; x_wconf 84' lang='lat' dir='ltr'>locus</span> <span class='ocrx_word' id='word_1_20' title='bbox 758 295 909 332; x_wconf 82' lang='lat' dir='ltr'>dabitur.</span> 
     </span>
    </p>

    <p class='ocr_par' dir='ltr' id='par_1_3' title="bbox 80 352 1671 760">
     <span class='ocr_line' id='line_1_4' title="bbox 144 352 1669 406; baseline -0.002 -12"><span class='ocrx_word' id='word_1_21' title='bbox 144 357 186 395; x_wconf 83' lang='lat' dir='ltr'>ln</span> <span class='ocrx_word' id='word_1_22' title='bbox 210 358 345 406; x_wconf 86' lang='lat' dir='ltr'>reliqua</span> <span class='ocrx_word' id='word_1_23' title='bbox 372 368 471 394; x_wconf 86' lang='lat' dir='ltr'>venae</span> <span class='ocrx_word' id='word_1_24' title='bbox 492 355 664 404; x_wconf 75' lang='lat' dir='ltr'>jugulatis</span> <span class='ocrx_word' id='word_1_25' title='bbox 694 356 842 391; x_wconf 82' lang='lat' dir='ltr'>internae</span> <span class='ocrx_word' id='word_1_26' title='bbox 871 352 1105 401; x_wconf 82' lang='lat' dir='ltr'>longitudine</span> <span class='ocrx_word' id='word_1_27' title='bbox 1135 352 1244 390; x_wconf 87' lang='lat' dir='ltr'>video</span> <span class='ocrx_word' id='word_1_28' title='bbox 1272 352 1437 391; x_wconf 75' lang='lat' dir='ltr'>RioLA</span> <span class='ocrx_word' id='word_1_29' title='bbox 1452 365 1478 390; x_wconf 87' lang='lat' dir='ltr'>N</span> <span class='ocrx_word' id='word_1_30' title='bbox 1493 365 1557 390; x_wconf 79' lang='lat' dir='ltr'>um</span> <span class='ocrx_word' id='word_1_31' title='bbox 1580 352 1669 402; x_wconf 78' lang='lat' dir='ltr'>(h)</span> 
     </span>
     <span class='ocr_line' id='line_1_5' title="bbox 83 412 1667 461; baseline -0.004 -5"><span class='ocrx_word' id='word_1_32' title='bbox 83 416 239 456; x_wconf 79' lang='lat' dir='ltr'>valvulas</span> <span class='ocrx_word' id='word_1_33' title='bbox 269 415 332 453; x_wconf 85' lang='lat' dir='ltr'>fibi</span> <span class='ocrx_word' id='word_1_34' title='bbox 353 417 513 453; x_wconf 76' lang='lat' dir='ltr'>inventas</span> <span class='ocrx_word' id='word_1_35' title='bbox 535 415 690 452; x_wconf 83' lang='lat' dir='ltr'>tribuere</span> <span class='ocrx_word' id='word_1_36' title='bbox 706 442 715 456; x_wconf 89' lang='lat'><strong>,</strong></span> <span class='ocrx_word' id='word_1_37' title='bbox 748 413 836 450; x_wconf 84' lang='lat' dir='ltr'>alios</span> <span class='ocrx_word' id='word_1_38' title='bbox 865 421 985 451; x_wconf 78' lang='lat' dir='ltr'>autem</span> <span class='ocrx_word' id='word_1_39' title='bbox 1010 412 1124 450; x_wconf 81' lang='lat' dir='ltr'>claros</span> <span class='ocrx_word' id='word_1_40' title='bbox 1150 414 1268 455; x_wconf 88' lang='lat' dir='ltr'>viros,</span> <span class='ocrx_word' id='word_1_41' title='bbox 1312 413 1348 449; x_wconf 74' lang='lat' dir='ltr'>Sc</span> <span class='ocrx_word' id='word_1_42' title='bbox 1374 419 1455 450; x_wconf 83' lang='lat' dir='ltr'>ante</span> <span class='ocrx_word' id='word_1_43' title='bbox 1473 414 1489 460; x_wconf 88' lang='lat'>(</span> <span class='ocrx_word' id='word_1_44' title='bbox 1507 413 1560 461; x_wconf 87' lang='lat' dir='ltr'>c)</span> <span class='ocrx_word' id='word_1_45' title='bbox 1589 412 1667 451; x_wconf 76' lang='lat' dir='ltr'>R1·&#39;</span> 
     </span>
     <span class='ocr_line' id='line_1_6' title="bbox 84 471 1669 523; baseline -0.004 -9"><span class='ocrx_word' id='word_1_46' title='bbox 84 488 214 514; x_wconf 79' lang='lat' dir='ltr'>OLAN</span> <span class='ocrx_word' id='word_1_47' title='bbox 228 487 292 513; x_wconf 77' lang='lat' dir='ltr'>um</span> <span class='ocrx_word' id='word_1_48' title='bbox 306 504 316 518; x_wconf 90' lang='lat'>‚</span> <span class='ocrx_word' id='word_1_49' title='bbox 350 476 385 512; x_wconf 89' lang='lat'>&amp;</span> <span class='ocrx_word' id='word_1_50' title='bbox 413 474 495 523; x_wconf 90' lang='lat' dir='ltr'>post</span> <span class='ocrx_word' id='word_1_51' title='bbox 514 486 598 511; x_wconf 86' lang='lat' dir='ltr'>eum</span> <span class='ocrx_word' id='word_1_52' title='bbox 625 473 706 519; x_wconf 87' lang='lat' dir='ltr'>(d)</span> <span class='ocrx_word' id='word_1_53' title='bbox 735 471 874 510; x_wconf 81' lang='lat' dir='ltr'>easdem</span> <span class='ocrx_word' id='word_1_54' title='bbox 894 474 1053 520; x_wconf 86' lang='lat' dir='ltr'>recipere</span> <span class='ocrx_word' id='word_1_55' title='bbox 1067 500 1077 514; x_wconf 92' lang='lat'>,</span> <span class='ocrx_word' id='word_1_56' title='bbox 1125 473 1160 508; x_wconf 74' lang='grc' dir='ltr'>δε</span> <span class='ocrx_word' id='word_1_57' title='bbox 1190 472 1228 508; x_wconf 85' lang='lat' dir='ltr'>in</span> <span class='ocrx_word' id='word_1_58' title='bbox 1254 483 1357 509; x_wconf 83' lang='lat' dir='ltr'>cerva</span> <span class='ocrx_word' id='word_1_59' title='bbox 1379 472 1497 508; x_wconf 80' lang='lat' dir='ltr'>binata</span> <span class='ocrx_word' id='word_1_60' title='bbox 1520 472 1669 509; x_wconf 85' lang='lat' dir='ltr'>ostiolo-</span> 
     </span>
     <span class='ocr_line' id='line_1_7' title="bbox 82 528 1669 582; baseline -0.003 -10"><span class='ocrx_word' id='word_1_61' title='bbox 82 548 166 573; x_wconf 87' lang='lat' dir='ltr'>rum</span> <span class='ocrx_word' id='word_1_62' title='bbox 192 536 278 582; x_wconf 80' lang='lat' dir='ltr'>juga</span> <span class='ocrx_word' id='word_1_63' title='bbox 300 533 496 570; x_wconf 84' lang='lat' dir='ltr'><strong>describere</strong></span> <span class='ocrx_word' id='word_1_64' title='bbox 522 532 548 570; x_wconf 89' lang='lat' dir='ltr'><strong>P</strong></span> <span class='ocrx_word' id='word_1_65' title='bbox 561 545 582 568; x_wconf 81' lang='lat' dir='ltr'>A</span> <span class='ocrx_word' id='word_1_66' title='bbox 596 544 642 568; x_wconf 71' lang='grc' dir='ltr'>Μ</span> <span class='ocrx_word' id='word_1_67' title='bbox 659 545 674 568; x_wconf 92' lang='lat' dir='ltr'>s</span> <span class='ocrx_word' id='word_1_68' title='bbox 688 544 699 568; x_wconf 88' lang='lat'>1</span> <span class='ocrx_word' id='word_1_69' title='bbox 715 544 740 568; x_wconf 99' lang='lat' dir='ltr'>N</span> <span class='ocrx_word' id='word_1_70' title='bbox 756 543 778 568; x_wconf 95' lang='lat' dir='ltr'>o</span> <span class='ocrx_word' id='word_1_71' title='bbox 794 544 808 568; x_wconf 92' lang='lat' dir='ltr'>s</span> <span class='ocrx_word' id='word_1_72' title='bbox 839 530 891 580; x_wconf 80' lang='lat' dir='ltr'>[e</span> <span class='ocrx_word' id='word_1_73' title='bbox 911 529 943 580; x_wconf 92' lang='lat'>].</span> <span class='ocrx_word' id='word_1_74' title='bbox 981 530 1060 578; x_wconf 87' lang='lat' dir='ltr'>Ego</span> <span class='ocrx_word' id='word_1_75' title='bbox 1081 530 1230 580; x_wconf 89' lang='lat' dir='ltr'>quidem</span> <span class='ocrx_word' id='word_1_76' title='bbox 1250 530 1384 580; x_wconf 84' lang='lat' dir='ltr'>aliquid</span> <span class='ocrx_word' id='word_1_77' title='bbox 1412 528 1525 567; x_wconf 77' lang='lat' dir='ltr'>fimile</span> <span class='ocrx_word' id='word_1_78' title='bbox 1540 543 1600 568; x_wconf 88' lang='lat' dir='ltr'>me</span> <span class='ocrx_word' id='word_1_79' title='bbox 1617 533 1669 568; x_wconf 89' lang='lat' dir='ltr'>vi-</span> 
     </span>
     <span class='ocr_line' id='line_1_8' title="bbox 80 588 1671 638; baseline -0.003 -7"><span class='ocrx_word' id='word_1_80' title='bbox 80 592 167 631; x_wconf 81' lang='lat' dir='ltr'>disse</span> <span class='ocrx_word' id='word_1_81' title='bbox 181 622 191 635; x_wconf 95' lang='lat'>,</span> <span class='ocrx_word' id='word_1_82' title='bbox 226 600 285 631; x_wconf 86' lang='lat' dir='ltr'>aut</span> <span class='ocrx_word' id='word_1_83' title='bbox 305 592 464 630; x_wconf 89' lang='lat' dir='ltr'>nodulos</span> <span class='ocrx_word' id='word_1_84' title='bbox 480 593 518 628; x_wconf 87' lang='lat' dir='ltr'>in</span> <span class='ocrx_word' id='word_1_85' title='bbox 535 604 575 629; x_wconf 84' lang='lat' dir='ltr'>ea</span> <span class='ocrx_word' id='word_1_86' title='bbox 599 603 688 628; x_wconf 85' lang='lat' dir='ltr'>vena</span> <span class='ocrx_word' id='word_1_87' title='bbox 708 590 870 628; x_wconf 85' lang='lat' dir='ltr'>tumidos</span> <span class='ocrx_word' id='word_1_88' title='bbox 896 588 1060 638; x_wconf 78' lang='lat' dir='ltr'>reperisse</span> <span class='ocrx_word' id='word_1_89' title='bbox 1073 617 1083 632; x_wconf 93' lang='lat'>‚</span> <span class='ocrx_word' id='word_1_90' title='bbox 1114 601 1192 626; x_wconf 90' lang='lat' dir='ltr'>non</span> <span class='ocrx_word' id='word_1_91' title='bbox 1211 591 1362 626; x_wconf 86' lang='lat' dir='ltr'>memini</span> <span class='ocrx_word' id='word_1_92' title='bbox 1374 601 1385 634; x_wconf 84' lang='lat'>3</span> <span class='ocrx_word' id='word_1_93' title='bbox 1418 601 1537 638; x_wconf 88' lang='lat' dir='ltr'>neque</span> <span class='ocrx_word' id='word_1_94' title='bbox 1554 590 1593 625; x_wconf 91' lang='lat' dir='ltr'>in</span> <span class='ocrx_word' id='word_1_95' title='bbox 1611 602 1671 627; x_wconf 90' lang='lat' dir='ltr'>ve-</span> 
     </span>
     <span class='ocr_line' id='line_1_9' title="bbox 81 648 1667 700; baseline -0.002 -11"><span class='ocrx_word' id='word_1_96' title='bbox 81 665 127 689; x_wconf 83' lang='lat' dir='ltr'>na</span> <span class='ocrx_word' id='word_1_97' title='bbox 154 652 308 700; x_wconf 78' lang='lat' dir='ltr'>jugulari</span> <span class='ocrx_word' id='word_1_98' title='bbox 343 650 537 693; x_wconf 79' lang='lat' dir='ltr'>cerebrali,</span> <span class='ocrx_word' id='word_1_99' title='bbox 584 657 645 688; x_wconf 89' lang='lat' dir='ltr'>aut</span> <span class='ocrx_word' id='word_1_100' title='bbox 677 651 751 697; x_wconf 90' lang='lat' dir='ltr'>ejus</span> <span class='ocrx_word' id='word_1_101' title='bbox 782 651 889 688; x_wconf 84' lang='lat' dir='ltr'>ramis</span> <span class='ocrx_word' id='word_1_102' title='bbox 920 648 1068 687; x_wconf 78' lang='lat' dir='ltr'>valvulae</span> <span class='ocrx_word' id='word_1_103' title='bbox 1094 648 1199 687; x_wconf 84' lang='lat' dir='ltr'>sunt:</span> <span class='ocrx_word' id='word_1_104' title='bbox 1242 660 1362 698; x_wconf 87' lang='lat' dir='ltr'>neque</span> <span class='ocrx_word' id='word_1_105' title='bbox 1387 649 1425 685; x_wconf 87' lang='lat' dir='ltr'>in</span> <span class='ocrx_word' id='word_1_106' title='bbox 1449 648 1638 686; x_wconf 86' lang='lat' dir='ltr'>vertebrali</span> <span class='ocrx_word' id='word_1_107' title='bbox 1655 671 1667 692; x_wconf 72' lang='lat'><strong>,</strong></span> 
     </span>
     <span class='ocr_line' id='line_1_10' title="bbox 80 710 663 760; baseline -0.002 -13"><span class='ocrx_word' id='word_1_108' title='bbox 80 710 296 760; x_wconf 85' lang='lat' dir='ltr'>finubusque</span> <span class='ocrx_word' id='word_1_109' title='bbox 322 710 460 760; x_wconf 77' lang='lat' dir='ltr'>spinalis</span> <span class='ocrx_word' id='word_1_110' title='bbox 488 710 663 748; x_wconf 86' lang='lat' dir='ltr'>medullae.</span> 
     </span>
    </p>

    <p class='ocr_par' dir='ltr' id='par_1_4' title="bbox 80 766 1671 1055">
     <span class='ocr_line' id='line_1_11' title="bbox 141 766 1668 818; baseline -0.001 -11"><span class='ocrx_word' id='word_1_111' title='bbox 141 769 278 808; x_wconf 79' lang='lat' dir='ltr'>Contra</span> <span class='ocrx_word' id='word_1_112' title='bbox 296 799 304 812; x_wconf 88' lang='lat'>‚</span> <span class='ocrx_word' id='word_1_113' title='bbox 345 772 382 807; x_wconf 89' lang='lat' dir='ltr'>in</span> <span class='ocrx_word' id='word_1_114' title='bbox 417 778 564 807; x_wconf 78' lang='lat' dir='ltr'>externa</span> <span class='ocrx_word' id='word_1_115' title='bbox 593 768 749 818; x_wconf 82' lang='lat' dir='ltr'>jugulari</span> <span class='ocrx_word' id='word_1_116' title='bbox 779 767 936 806; x_wconf 75' lang='lat' dir='ltr'>valvulas</span> <span class='ocrx_word' id='word_1_117' title='bbox 967 769 1114 817; x_wconf 86' lang='lat' dir='ltr'>negavit</span> <span class='ocrx_word' id='word_1_118' title='bbox 1143 767 1176 804; x_wconf 91' lang='lat' dir='ltr'>se</span> <span class='ocrx_word' id='word_1_119' title='bbox 1206 768 1369 805; x_wconf 75' lang='lat' dir='ltr'>invenire</span> <span class='ocrx_word' id='word_1_120' title='bbox 1399 766 1668 805; x_wconf 77' lang='lat' dir='ltr'>RioLANus</span> 
     </span>
     <span class='ocr_line' id='line_1_12' title="bbox 83 825 1667 882; baseline -0.003 -15"><span class='ocrx_word' id='word_1_121' title='bbox 83 832 99 878; x_wconf 85' lang='lat'>[</span> <span class='ocrx_word' id='word_1_122' title='bbox 109 827 139 878; x_wconf 90' lang='lat' dir='ltr'><strong><em>f</em></strong></span> <span class='ocrx_word' id='word_1_123' title='bbox 152 832 164 882; x_wconf 92' lang='lat'>]</span> <span class='ocrx_word' id='word_1_124' title='bbox 182 842 189 866; x_wconf 90' lang='lat'><strong>:</strong></span> <span class='ocrx_word' id='word_1_125' title='bbox 230 829 369 867; x_wconf 76' lang='lat' dir='ltr'>admisit</span> <span class='ocrx_word' id='word_1_126' title='bbox 389 836 510 867; x_wconf 86' lang='lat' dir='ltr'>autem</span> <span class='ocrx_word' id='word_1_127' title='bbox 535 829 667 878; x_wconf 79' lang='lat' dir='ltr'>aliquas</span> <span class='ocrx_word' id='word_1_128' title='bbox 684 856 693 870; x_wconf 90' lang='lat'>‚</span> <span class='ocrx_word' id='word_1_129' title='bbox 725 827 770 865; x_wconf 86' lang='lat' dir='ltr'>ad</span> <span class='ocrx_word' id='word_1_130' title='bbox 795 840 1016 876; x_wconf 83' lang='lat' dir='ltr'>magnorum</span> <span class='ocrx_word' id='word_1_131' title='bbox 1042 838 1230 864; x_wconf 85' lang='lat' dir='ltr'>ramorum</span> <span class='ocrx_word' id='word_1_132' title='bbox 1250 826 1484 863; x_wconf 85' lang='lat' dir='ltr'>insertionem</span> <span class='ocrx_word' id='word_1_133' title='bbox 1510 825 1640 874; x_wconf 81' lang='lat' dir='ltr'>positas</span> <span class='ocrx_word' id='word_1_134' title='bbox 1655 854 1667 870; x_wconf 88' lang='lat'>‚</span> 
     </span>
     <span class='ocr_line' id='line_1_13' title="bbox 81 883 1671 937; baseline -0.003 -11"><span class='ocrx_word' id='word_1_135' title='bbox 81 900 239 937; x_wconf 86' lang='lat' dir='ltr'>nuperus</span> <span class='ocrx_word' id='word_1_136' title='bbox 264 887 330 926; x_wconf 90' lang='lat' dir='ltr'>Vir</span> <span class='ocrx_word' id='word_1_137' title='bbox 348 888 472 927; x_wconf 82' lang='lat' dir='ltr'>Clarus</span> <span class='ocrx_word' id='word_1_138' title='bbox 494 888 556 937; x_wconf 84' lang='lat' dir='ltr'>(g</span> <span class='ocrx_word' id='word_1_139' title='bbox 577 885 620 937; x_wconf 91' lang='lat'>),</span> <span class='ocrx_word' id='word_1_140' title='bbox 656 888 720 937; x_wconf 92' lang='lat' dir='ltr'>qui</span> <span class='ocrx_word' id='word_1_141' title='bbox 735 888 935 924; x_wconf 83' lang='lat' dir='ltr'>etiamnum</span> <span class='ocrx_word' id='word_1_142' title='bbox 952 886 1089 924; x_wconf 83' lang='lat' dir='ltr'>summa</span> <span class='ocrx_word' id='word_1_143' title='bbox 1105 886 1162 923; x_wconf 85' lang='lat' dir='ltr'>sua</span> <span class='ocrx_word' id='word_1_144' title='bbox 1193 885 1397 922; x_wconf 86' lang='lat' dir='ltr'>eruditione</span> <span class='ocrx_word' id='word_1_145' title='bbox 1430 883 1586 933; x_wconf 81' lang='lat' dir='ltr'>Lipfiam</span> <span class='ocrx_word' id='word_1_146' title='bbox 1611 897 1671 922; x_wconf 88' lang='lat' dir='ltr'>or·-</span> 
     </span>
     <span class='ocr_line' id='line_1_14' title="bbox 81 943 1668 995; baseline -0.003 -11"><span class='ocrx_word' id='word_1_147' title='bbox 81 954 152 984; x_wconf 88' lang='lat' dir='ltr'>nat.</span> <span class='ocrx_word' id='word_1_148' title='bbox 187 948 331 990; x_wconf 80' lang='lat' dir='ltr'>Unam,</span> <span class='ocrx_word' id='word_1_149' title='bbox 369 950 406 985; x_wconf 88' lang='lat'>&amp;</span> <span class='ocrx_word' id='word_1_150' title='bbox 432 960 510 986; x_wconf 87' lang='lat' dir='ltr'>non</span> <span class='ocrx_word' id='word_1_151' title='bbox 521 947 593 984; x_wconf 87' lang='lat' dir='ltr'>sine</span> <span class='ocrx_word' id='word_1_152' title='bbox 621 946 684 984; x_wconf 92' lang='lat' dir='ltr'>suo</span> <span class='ocrx_word' id='word_1_153' title='bbox 710 946 878 995; x_wconf 87' lang='lat' dir='ltr'>stupore,</span> <span class='ocrx_word' id='word_1_154' title='bbox 922 945 1116 984; x_wconf 83' lang='lat' dir='ltr'>corniculis</span> <span class='ocrx_word' id='word_1_155' title='bbox 1140 944 1208 982; x_wconf 85' lang='lat' dir='ltr'>suis</span> <span class='ocrx_word' id='word_1_156' title='bbox 1236 943 1404 981; x_wconf 86' lang='lat' dir='ltr'>deorsum</span> <span class='ocrx_word' id='word_1_157' title='bbox 1429 943 1668 992; x_wconf 61' lang='lat' dir='ltr'>speoantem‚</span> 
     </span>
     <span class='ocr_line' id='line_1_15' title="bbox 80 1003 1667 1055; baseline -0.001 -12"><span class='ocrx_word' id='word_1_158' title='bbox 80 1006 172 1044; x_wconf 79' lang='lat' dir='ltr'>vidit</span> <span class='ocrx_word' id='word_1_159' title='bbox 200 1006 230 1055; x_wconf 91' lang='lat' dir='ltr'>J</span> <span class='ocrx_word' id='word_1_160' title='bbox 263 1006 463 1054; x_wconf 54' lang='lat' dir='ltr'>liudolphus</span> <span class='ocrx_word' id='word_1_161' title='bbox 495 1006 519 1044; x_wconf 89' lang='lat' dir='ltr'>S</span> <span class='ocrx_word' id='word_1_162' title='bbox 533 1019 554 1042; x_wconf 85' lang='lat' dir='ltr'>A</span> <span class='ocrx_word' id='word_1_163' title='bbox 568 1019 588 1042; x_wconf 86' lang='lat' dir='ltr'>L</span> <span class='ocrx_word' id='word_1_164' title='bbox 602 1018 624 1042; x_wconf 87' lang='lat' dir='ltr'>z</span> <span class='ocrx_word' id='word_1_165' title='bbox 638 1018 668 1042; x_wconf 82' lang='grc' dir='ltr'><strong>Μ</strong></span> <span class='ocrx_word' id='word_1_166' title='bbox 680 1018 702 1041; x_wconf 82' lang='grc' dir='ltr'><strong>Α</strong></span> <span class='ocrx_word' id='word_1_167' title='bbox 716 1018 738 1041; x_wconf 88' lang='grc' dir='ltr'>Ν</span> <span class='ocrx_word' id='word_1_168' title='bbox 754 1017 778 1041; x_wconf 89' lang='grc' dir='ltr'>Ν</span> <span class='ocrx_word' id='word_1_169' title='bbox 792 1018 815 1043; x_wconf 81' lang='lat' dir='ltr'>u</span> <span class='ocrx_word' id='word_1_170' title='bbox 830 1018 844 1042; x_wconf 88' lang='lat' dir='ltr'>s</span> <span class='ocrx_word' id='word_1_171' title='bbox 877 1007 893 1053; x_wconf 85' lang='lat'>(</span> <span class='ocrx_word' id='word_1_172' title='bbox 908 1005 930 1041; x_wconf 87' lang='lat' dir='ltr'><em>h</em></span> <span class='ocrx_word' id='word_1_173' title='bbox 948 1005 988 1052; x_wconf 85' lang='lat'>),</span> <span class='ocrx_word' id='word_1_174' title='bbox 1033 1006 1108 1042; x_wconf 85' lang='lat' dir='ltr'>veri</span> <span class='ocrx_word' id='word_1_175' title='bbox 1138 1005 1276 1041; x_wconf 86' lang='lat' dir='ltr'>itineris</span> <span class='ocrx_word' id='word_1_176' title='bbox 1307 1003 1487 1051; x_wconf 81' lang='lat' dir='ltr'>sanguinis</span> <span class='ocrx_word' id='word_1_177' title='bbox 1511 1005 1667 1051; x_wconf 78' lang='lat' dir='ltr'>ignarus.</span> 
     </span>
    </p>

    <p class='ocr_par' dir='ltr' id='par_1_5' title="bbox 76 1062 1670 1292">
     <span class='ocr_line' id='line_1_16' title="bbox 141 1062 1670 1113; baseline -0.002 -10"><span class='ocrx_word' id='word_1_178' title='bbox 141 1065 184 1103; x_wconf 89' lang='lat' dir='ltr'>In</span> <span class='ocrx_word' id='word_1_179' title='bbox 204 1068 309 1103; x_wconf 82' lang='lat' dir='ltr'>ramis</span> <span class='ocrx_word' id='word_1_180' title='bbox 327 1066 529 1108; x_wconf 77' lang='lat' dir='ltr'>facialibus,</span> <span class='ocrx_word' id='word_1_181' title='bbox 563 1062 780 1113; x_wconf 81' lang='lat' dir='ltr'>lingualibus</span> <span class='ocrx_word' id='word_1_182' title='bbox 796 1093 804 1106; x_wconf 87' lang='lat'>‚</span> <span class='ocrx_word' id='word_1_183' title='bbox 838 1063 1076 1102; x_wconf 81' lang='lat' dir='ltr'>tonsillaribus</span> <span class='ocrx_word' id='word_1_184' title='bbox 1090 1091 1099 1105; x_wconf 92' lang='lat'><em>,</em></span> <span class='ocrx_word' id='word_1_185' title='bbox 1134 1063 1278 1112; x_wconf 80' lang='lat' dir='ltr'>aliisque</span> <span class='ocrx_word' id='word_1_186' title='bbox 1299 1075 1397 1099; x_wconf 83' lang='lat' dir='ltr'>venae</span> <span class='ocrx_word' id='word_1_187' title='bbox 1422 1062 1593 1110; x_wconf 79' lang='lat' dir='ltr'>jugularis</span> <span class='ocrx_word' id='word_1_188' title='bbox 1616 1065 1670 1100; x_wconf 87' lang='lat' dir='ltr'>in-</span> 
     </span>
     <span class='ocr_line' id='line_1_17' title="bbox 80 1120 1665 1174; baseline -0.003 -11"><span class='ocrx_word' id='word_1_189' title='bbox 80 1132 191 1163; x_wconf 80' lang='lat' dir='ltr'>ternae</span> <span class='ocrx_word' id='word_1_190' title='bbox 212 1127 338 1167; x_wconf 83' lang='lat' dir='ltr'>ramis,</span> <span class='ocrx_word' id='word_1_191' title='bbox 374 1127 436 1174; x_wconf 89' lang='lat' dir='ltr'>qui</span> <span class='ocrx_word' id='word_1_192' title='bbox 456 1132 553 1162; x_wconf 81' lang='lat' dir='ltr'>extra</span> <span class='ocrx_word' id='word_1_193' title='bbox 577 1125 739 1161; x_wconf 81' lang='lat' dir='ltr'>cranium</span> <span class='ocrx_word' id='word_1_194' title='bbox 762 1131 928 1165; x_wconf 79' lang='lat' dir='ltr'>manent,</span> <span class='ocrx_word' id='word_1_195' title='bbox 961 1125 1105 1172; x_wconf 83' lang='lat' dir='ltr'>utique,</span> <span class='ocrx_word' id='word_1_196' title='bbox 1134 1123 1168 1159; x_wconf 86' lang='lat'>&amp;</span> <span class='ocrx_word' id='word_1_197' title='bbox 1184 1120 1382 1159; x_wconf 62' lang='lat' dir='ltr'>numerosae</span> <span class='ocrx_word' id='word_1_198' title='bbox 1400 1121 1547 1158; x_wconf 75' lang='lat' dir='ltr'>valvulae</span> <span class='ocrx_word' id='word_1_199' title='bbox 1564 1121 1665 1164; x_wconf 86' lang='lat' dir='ltr'>sunt,</span> 
     </span>
     <span class='ocr_line' id='line_1_18' title="bbox 79 1177 1665 1232; baseline 0 -13"><span class='ocrx_word' id='word_1_200' title='bbox 79 1183 267 1221; x_wconf 79' lang='lat' dir='ltr'>obstaculo</span> <span class='ocrx_word' id='word_1_201' title='bbox 295 1177 445 1226; x_wconf 79' lang='lat' dir='ltr'>futurae,</span> <span class='ocrx_word' id='word_1_202' title='bbox 484 1196 531 1220; x_wconf 89' lang='lat' dir='ltr'>ne</span> <span class='ocrx_word' id='word_1_203' title='bbox 554 1190 614 1220; x_wconf 83' lang='lat' dir='ltr'>aut</span> <span class='ocrx_word' id='word_1_204' title='bbox 642 1183 763 1232; x_wconf 88' lang='lat' dir='ltr'>liquor</span> <span class='ocrx_word' id='word_1_205' title='bbox 780 1211 790 1225; x_wconf 83' lang='lat'>‚</span> <span class='ocrx_word' id='word_1_206' title='bbox 827 1191 888 1219; x_wconf 83' lang='lat' dir='ltr'>aut</span> <span class='ocrx_word' id='word_1_207' title='bbox 907 1181 1052 1224; x_wconf 84' lang='lat' dir='ltr'>sebum,</span> <span class='ocrx_word' id='word_1_208' title='bbox 1088 1193 1133 1218; x_wconf 87' lang='lat' dir='ltr'>ex</span> <span class='ocrx_word' id='word_1_209' title='bbox 1161 1193 1250 1218; x_wconf 81' lang='lat' dir='ltr'>vena</span> <span class='ocrx_word' id='word_1_210' title='bbox 1267 1181 1424 1229; x_wconf 83' lang='lat' dir='ltr'>jugulari</span> <span class='ocrx_word' id='word_1_211' title='bbox 1448 1182 1486 1217; x_wconf 89' lang='lat' dir='ltr'>in</span> <span class='ocrx_word' id='word_1_212' title='bbox 1506 1180 1665 1230; x_wconf 69' lang='lat' dir='ltr'>linguae,</span> 
     </span>
     <span class='ocr_line' id='line_1_19' title="bbox 76 1239 1277 1292; baseline -0.003 -13"><span class='ocrx_word' id='word_1_213' title='bbox 76 1240 239 1280; x_wconf 81' lang='lat' dir='ltr'>faucium</span> <span class='ocrx_word' id='word_1_214' title='bbox 254 1271 264 1285; x_wconf 90' lang='lat'>‚</span> <span class='ocrx_word' id='word_1_215' title='bbox 302 1242 453 1292; x_wconf 78' lang='lat' dir='ltr'>aliasque</span> <span class='ocrx_word' id='word_1_216' title='bbox 475 1244 670 1280; x_wconf 83' lang='lat' dir='ltr'>exteriores</span> <span class='ocrx_word' id='word_1_217' title='bbox 697 1242 820 1291; x_wconf 83' lang='lat' dir='ltr'>capitis</span> <span class='ocrx_word' id='word_1_218' title='bbox 847 1253 953 1278; x_wconf 79' lang='lat' dir='ltr'>venas</span> <span class='ocrx_word' id='word_1_219' title='bbox 970 1268 979 1283; x_wconf 95' lang='lat'>,</span> <span class='ocrx_word' id='word_1_220' title='bbox 1018 1240 1120 1278; x_wconf 82' lang='lat' dir='ltr'>facile</span> <span class='ocrx_word' id='word_1_221' title='bbox 1142 1239 1277 1278; x_wconf 81' lang='lat' dir='ltr'>subeat.</span> 
     </span>
    </p>

    <p class='ocr_par' dir='ltr' id='par_1_6' title="bbox 79 1297 1671 1824">
     <span class='ocr_line' id='line_1_20' title="bbox 138 1297 1670 1349; baseline -0.001 -11"><span class='ocrx_word' id='word_1_222' title='bbox 138 1300 182 1339; x_wconf 86' lang='lat' dir='ltr'>In</span> <span class='ocrx_word' id='word_1_223' title='bbox 207 1301 388 1339; x_wconf 86' lang='lat' dir='ltr'>subclavio</span> <span class='ocrx_word' id='word_1_224' title='bbox 416 1310 547 1340; x_wconf 88' lang='lat' dir='ltr'>trunco</span> <span class='ocrx_word' id='word_1_225' title='bbox 578 1301 673 1339; x_wconf 84' lang='lat' dir='ltr'>haud</span> <span class='ocrx_word' id='word_1_226' title='bbox 697 1312 777 1338; x_wconf 81' lang='lat' dir='ltr'>raro</span> <span class='ocrx_word' id='word_1_227' title='bbox 804 1300 890 1338; x_wconf 84' lang='lat' dir='ltr'>duas</span> <span class='ocrx_word' id='word_1_228' title='bbox 918 1302 1055 1349; x_wconf 85' lang='lat' dir='ltr'>reperi3</span> <span class='ocrx_word' id='word_1_229' title='bbox 1094 1311 1202 1337; x_wconf 87' lang='lat' dir='ltr'>unam</span> <span class='ocrx_word' id='word_1_230' title='bbox 1238 1308 1359 1336; x_wconf 83' lang='lat' dir='ltr'>tamen</span> <span class='ocrx_word' id='word_1_231' title='bbox 1387 1298 1484 1336; x_wconf 84' lang='lat' dir='ltr'>haud</span> <span class='ocrx_word' id='word_1_232' title='bbox 1510 1297 1622 1348; x_wconf 85' lang='lat' dir='ltr'>longe</span> <span class='ocrx_word' id='word_1_233' title='bbox 1650 1312 1670 1337; x_wconf 80' lang='lat' dir='ltr'>a</span> 
     </span>
     <span class='ocr_line' id='line_1_21' title="bbox 80 1357 1668 1410; baseline -0.001 -12"><span class='ocrx_word' id='word_1_234' title='bbox 80 1360 251 1409; x_wconf 79' lang='lat' dir='ltr'>jugulatis</span> <span class='ocrx_word' id='word_1_235' title='bbox 279 1373 378 1399; x_wconf 82' lang='lat' dir='ltr'>venae</span> <span class='ocrx_word' id='word_1_236' title='bbox 398 1363 497 1399; x_wconf 85' lang='lat' dir='ltr'>exitu</span> <span class='ocrx_word' id='word_1_237' title='bbox 514 1361 678 1410; x_wconf 85' lang='lat' dir='ltr'>depinxit</span> <span class='ocrx_word' id='word_1_238' title='bbox 700 1361 870 1398; x_wconf 81' lang='lat' dir='ltr'>inventor</span> <span class='ocrx_word' id='word_1_239' title='bbox 891 1358 918 1397; x_wconf 82' lang='lat' dir='ltr'>F</span> <span class='ocrx_word' id='word_1_240' title='bbox 932 1372 956 1396; x_wconf 88' lang='lat' dir='ltr'>A</span> <span class='ocrx_word' id='word_1_241' title='bbox 969 1371 989 1396; x_wconf 84' lang='lat' dir='ltr'><strong>B</strong></span> <span class='ocrx_word' id='word_1_242' title='bbox 1004 1372 1028 1396; x_wconf 79' lang='lat' dir='ltr'>R</span> <span class='ocrx_word' id='word_1_243' title='bbox 1043 1371 1055 1395; x_wconf 94' lang='lat'>1</span> <span class='ocrx_word' id='word_1_244' title='bbox 1070 1371 1093 1396; x_wconf 92' lang='lat' dir='ltr'>c</span> <span class='ocrx_word' id='word_1_245' title='bbox 1109 1371 1121 1395; x_wconf 85' lang='lat'>1</span> <span class='ocrx_word' id='word_1_246' title='bbox 1135 1370 1159 1396; x_wconf 82' lang='lat' dir='ltr'>u</span> <span class='ocrx_word' id='word_1_247' title='bbox 1171 1372 1186 1396; x_wconf 89' lang='lat' dir='ltr'><strong>s</strong></span> <span class='ocrx_word' id='word_1_248' title='bbox 1214 1361 1230 1405; x_wconf 90' lang='lat'>(</span> <span class='ocrx_word' id='word_1_249' title='bbox 1244 1360 1257 1395; x_wconf 85' lang='lat' dir='ltr'>i</span> <span class='ocrx_word' id='word_1_250' title='bbox 1269 1359 1307 1405; x_wconf 79' lang='lat' dir='ltr'>&gt;z</span> <span class='ocrx_word' id='word_1_251' title='bbox 1343 1357 1474 1395; x_wconf 88' lang='lat' dir='ltr'>deinde</span> <span class='ocrx_word' id='word_1_252' title='bbox 1499 1357 1668 1396; x_wconf 81' lang='lat' dir='ltr'>solitarias</span> 
     </span>
     <span class='ocr_line' id='line_1_22' title="bbox 80 1416 1671 1470; baseline -0.001 -14"><span class='ocrx_word' id='word_1_253' title='bbox 80 1420 240 1470; x_wconf 60' lang='lat' dir='ltr'>aliquem,</span> <span class='ocrx_word' id='word_1_254' title='bbox 277 1427 361 1458; x_wconf 89' lang='lat' dir='ltr'>tum</span> <span class='ocrx_word' id='word_1_255' title='bbox 378 1422 416 1458; x_wconf 91' lang='lat' dir='ltr'>in</span> <span class='ocrx_word' id='word_1_256' title='bbox 444 1429 574 1458; x_wconf 89' lang='lat' dir='ltr'>trunco</span> <span class='ocrx_word' id='word_1_257' title='bbox 600 1420 648 1460; x_wconf 77' lang='lat' dir='ltr'>(k</span> <span class='ocrx_word' id='word_1_258' title='bbox 665 1420 684 1467; x_wconf 88' lang='lat'>)</span> <span class='ocrx_word' id='word_1_259' title='bbox 701 1447 711 1461; x_wconf 84' lang='grc'>,</span> <span class='ocrx_word' id='word_1_260' title='bbox 749 1429 828 1456; x_wconf 88' lang='lat' dir='ltr'>tum</span> <span class='ocrx_word' id='word_1_261' title='bbox 856 1420 896 1455; x_wconf 88' lang='lat' dir='ltr'>in</span> <span class='ocrx_word' id='word_1_262' title='bbox 925 1431 1027 1456; x_wconf 88' lang='lat' dir='ltr'>ramo</span> <span class='ocrx_word' id='word_1_263' title='bbox 1052 1417 1238 1467; x_wconf 85' lang='lat' dir='ltr'>cephalico</span> <span class='ocrx_word' id='word_1_264' title='bbox 1266 1419 1284 1466; x_wconf 85' lang='grc'>&lt;</span> <span class='ocrx_word' id='word_1_265' title='bbox 1299 1416 1350 1465; x_wconf 80' lang='lat' dir='ltr'>l).</span> <span class='ocrx_word' id='word_1_266' title='bbox 1388 1416 1458 1454; x_wconf 92' lang='lat' dir='ltr'>Sed</span> <span class='ocrx_word' id='word_1_267' title='bbox 1491 1429 1562 1465; x_wconf 86' lang='lat' dir='ltr'>ego</span> <span class='ocrx_word' id='word_1_268' title='bbox 1591 1420 1671 1467; x_wconf 86' lang='lat' dir='ltr'>qui-</span> 
     </span>
     <span class='ocr_line' id='line_1_23' title="bbox 81 1475 1671 1528; baseline -0.001 -12"><span class='ocrx_word' id='word_1_269' title='bbox 81 1479 166 1516; x_wconf 89' lang='lat' dir='ltr'>dem</span> <span class='ocrx_word' id='word_1_270' title='bbox 196 1481 234 1516; x_wconf 90' lang='lat' dir='ltr'>in</span> <span class='ocrx_word' id='word_1_271' title='bbox 261 1486 343 1517; x_wconf 83' lang='lat' dir='ltr'>toto</span> <span class='ocrx_word' id='word_1_272' title='bbox 370 1479 505 1517; x_wconf 83' lang='lat' dir='ltr'>brachii</span> <span class='ocrx_word' id='word_1_273' title='bbox 531 1479 715 1528; x_wconf 77' lang='lat' dir='ltr'>systemate</span> <span class='ocrx_word' id='word_1_274' title='bbox 744 1477 1026 1527; x_wconf 78' lang='lat' dir='ltr'>frequentissime</span> <span class='ocrx_word' id='word_1_275' title='bbox 1055 1478 1216 1525; x_wconf 86' lang='lat' dir='ltr'>geminas</span> <span class='ocrx_word' id='word_1_276' title='bbox 1247 1475 1402 1514; x_wconf 80' lang='lat' dir='ltr'>valvulas</span> <span class='ocrx_word' id='word_1_277' title='bbox 1423 1475 1521 1519; x_wconf 83' lang='lat' dir='ltr'>vidi,</span> <span class='ocrx_word' id='word_1_278' title='bbox 1564 1477 1601 1514; x_wconf 69' lang='grc' dir='ltr'>δε</span> <span class='ocrx_word' id='word_1_279' title='bbox 1631 1478 1671 1514; x_wconf 74' lang='lat' dir='ltr'>in</span> 
     </span>
     <span class='ocr_line' id='line_1_24' title="bbox 80 1534 1671 1587; baseline -0.001 -12"><span class='ocrx_word' id='word_1_280' title='bbox 80 1537 231 1575; x_wconf 82' lang='lat' dir='ltr'>brachio</span> <span class='ocrx_word' id='word_1_281' title='bbox 245 1545 306 1575; x_wconf 80' lang='lat' dir='ltr'>aut</span> <span class='ocrx_word' id='word_1_282' title='bbox 326 1550 404 1575; x_wconf 82' lang='lat' dir='ltr'>cera</span> <span class='ocrx_word' id='word_1_283' title='bbox 430 1537 590 1587; x_wconf 88' lang='lat' dir='ltr'>repleto,</span> <span class='ocrx_word' id='word_1_284' title='bbox 614 1545 673 1574; x_wconf 79' lang='lat' dir='ltr'>aut</span> <span class='ocrx_word' id='word_1_285' title='bbox 700 1538 738 1573; x_wconf 90' lang='lat' dir='ltr'>in</span> <span class='ocrx_word' id='word_1_286' title='bbox 752 1538 838 1573; x_wconf 84' lang='lat' dir='ltr'>vivo</span> <span class='ocrx_word' id='word_1_287' title='bbox 865 1536 1016 1573; x_wconf 85' lang='lat' dir='ltr'>homine</span> <span class='ocrx_word' id='word_1_288' title='bbox 1031 1564 1041 1578; x_wconf 87' lang='lat'>‚</span> <span class='ocrx_word' id='word_1_289' title='bbox 1077 1536 1158 1584; x_wconf 87' lang='lat' dir='ltr'>post</span> <span class='ocrx_word' id='word_1_290' title='bbox 1183 1535 1356 1583; x_wconf 58' lang='lat' dir='ltr'>injeffilum</span> <span class='ocrx_word' id='word_1_291' title='bbox 1384 1534 1572 1572; x_wconf 85' lang='lat' dir='ltr'>vinculum</span> <span class='ocrx_word' id='word_1_292' title='bbox 1595 1536 1671 1573; x_wconf 81' lang='lat' dir='ltr'>san-</span> 
     </span>
     <span class='ocr_line' id='line_1_25' title="bbox 79 1593 1671 1645; baseline -0.002 -11"><span class='ocrx_word' id='word_1_293' title='bbox 79 1598 194 1645; x_wconf 85' lang='lat' dir='ltr'>guine</span> <span class='ocrx_word' id='word_1_294' title='bbox 215 1604 405 1645; x_wconf 82' lang='lat' dir='ltr'>turgente,</span> <span class='ocrx_word' id='word_1_295' title='bbox 444 1596 545 1634; x_wconf 80' lang='lat' dir='ltr'>facile</span> <span class='ocrx_word' id='word_1_296' title='bbox 571 1598 657 1644; x_wconf 84' lang='lat' dir='ltr'>juga</span> <span class='ocrx_word' id='word_1_297' title='bbox 682 1595 868 1633; x_wconf 86' lang='lat' dir='ltr'>nodorum</span> <span class='ocrx_word' id='word_1_298' title='bbox 893 1595 1174 1644; x_wconf 88' lang='lat' dir='ltr'>conspiciuntur.</span> <span class='ocrx_word' id='word_1_299' title='bbox 1222 1593 1265 1631; x_wconf 80' lang='lat' dir='ltr'>ln</span> <span class='ocrx_word' id='word_1_300' title='bbox 1290 1600 1421 1632; x_wconf 88' lang='lat' dir='ltr'>trunco</span> <span class='ocrx_word' id='word_1_301' title='bbox 1447 1593 1595 1631; x_wconf 79' lang='lat' dir='ltr'>bafilicae</span> <span class='ocrx_word' id='word_1_302' title='bbox 1615 1596 1671 1631; x_wconf 68' lang='lat' dir='ltr'>in«</span> 
     </span>
     <span class='ocr_line' id='line_1_26' title="bbox 80 1653 1665 1705; baseline -0.001 -13"><span class='ocrx_word' id='word_1_303' title='bbox 80 1662 136 1692; x_wconf 85' lang='lat' dir='ltr'>ter</span> <span class='ocrx_word' id='word_1_304' title='bbox 167 1657 348 1703; x_wconf 87' lang='lat' dir='ltr'>originem</span> <span class='ocrx_word' id='word_1_305' title='bbox 369 1656 559 1705; x_wconf 68' lang='lat' dir='ltr'>profundae</span> <span class='ocrx_word' id='word_1_306' title='bbox 582 1667 680 1692; x_wconf 86' lang='lat' dir='ltr'>venae</span> <span class='ocrx_word' id='word_1_307' title='bbox 695 1684 704 1698; x_wconf 84' lang='lat'>‚</span> <span class='ocrx_word' id='word_1_308' title='bbox 745 1655 781 1691; x_wconf 89' lang='lat'>&amp;</span> <span class='ocrx_word' id='word_1_309' title='bbox 807 1655 920 1692; x_wconf 90' lang='lat' dir='ltr'>cubiti</span> <span class='ocrx_word' id='word_1_310' title='bbox 938 1653 1075 1692; x_wconf 85' lang='lat' dir='ltr'>flexum</span> <span class='ocrx_word' id='word_1_311' title='bbox 1091 1683 1101 1698; x_wconf 88' lang='lat'><strong>,</strong></span> <span class='ocrx_word' id='word_1_312' title='bbox 1141 1662 1296 1703; x_wconf 78' lang='lat' dir='ltr'>quatuor</span> <span class='ocrx_word' id='word_1_313' title='bbox 1320 1653 1393 1690; x_wconf 87' lang='lat' dir='ltr'>fere</span> <span class='ocrx_word' id='word_1_314' title='bbox 1415 1653 1511 1702; x_wconf 74' lang='lat' dir='ltr'>paria</span> <span class='ocrx_word' id='word_1_315' title='bbox 1528 1655 1665 1702; x_wconf 84' lang='lat' dir='ltr'>reperi,</span> 
     </span>
     <span class='ocr_line' id='line_1_27' title="bbox 81 1712 1665 1764; baseline -0.001 -13"><span class='ocrx_word' id='word_1_316' title='bbox 81 1714 238 1752; x_wconf 87' lang='lat' dir='ltr'>totidem</span> <span class='ocrx_word' id='word_1_317' title='bbox 257 1716 364 1752; x_wconf 79' lang='lat' dir='ltr'>etiam</span> <span class='ocrx_word' id='word_1_318' title='bbox 389 1716 427 1752; x_wconf 90' lang='lat' dir='ltr'>in</span> <span class='ocrx_word' id='word_1_319' title='bbox 447 1727 537 1752; x_wconf 77' lang='lat' dir='ltr'>vena</span> <span class='ocrx_word' id='word_1_320' title='bbox 558 1714 740 1764; x_wconf 85' lang='lat' dir='ltr'>profunda</span> <span class='ocrx_word' id='word_1_321' title='bbox 765 1715 1051 1762; x_wconf 79' lang='lat' dir='ltr'>conjugationes.</span> <span class='ocrx_word' id='word_1_322' title='bbox 1088 1712 1258 1751; x_wconf 81' lang='lat' dir='ltr'>Mediana</span> <span class='ocrx_word' id='word_1_323' title='bbox 1277 1712 1408 1762; x_wconf 86' lang='lat' dir='ltr'>absque</span> <span class='ocrx_word' id='word_1_324' title='bbox 1432 1712 1580 1750; x_wconf 85' lang='lat' dir='ltr'>valvulis</span> <span class='ocrx_word' id='word_1_325' title='bbox 1596 1713 1665 1756; x_wconf 83' lang='lat' dir='ltr'>est,</span> 
     </span>
     <span class='ocr_line' id='line_1_28' title="bbox 79 1772 1111 1824; baseline 0 -14"><span class='ocrx_word' id='word_1_326' title='bbox 79 1780 160 1812; x_wconf 81' lang='lat' dir='ltr'>tum</span> <span class='ocrx_word' id='word_1_327' title='bbox 185 1786 263 1823; x_wconf 73' lang='lat' dir='ltr'>quse</span> <span class='ocrx_word' id='word_1_328' title='bbox 287 1773 505 1823; x_wconf 85' lang='lat' dir='ltr'>cephalicam</span> <span class='ocrx_word' id='word_1_329' title='bbox 528 1774 657 1824; x_wconf 67' lang='lat' dir='ltr'>spectat</span> <span class='ocrx_word' id='word_1_330' title='bbox 673 1802 683 1818; x_wconf 83' lang='lat'><strong>,</strong></span> <span class='ocrx_word' id='word_1_331' title='bbox 720 1783 802 1811; x_wconf 85' lang='lat' dir='ltr'>tum</span> <span class='ocrx_word' id='word_1_332' title='bbox 823 1785 901 1822; x_wconf 83' lang='lat' dir='ltr'>quae</span> <span class='ocrx_word' id='word_1_333' title='bbox 925 1772 1111 1810; x_wconf 74' lang='lat' dir='ltr'>basilicam</span> 
     </span>
    </p>

    <p class='ocr_par' dir='ltr' id='par_1_7' title="bbox 80 1829 1671 2060">
     <span class='ocr_line' id='line_1_29' title="bbox 139 1829 1665 1882; baseline -0.001 -13"><span class='ocrx_word' id='word_1_334' title='bbox 139 1831 182 1869; x_wconf 90' lang='lat' dir='ltr'>In</span> <span class='ocrx_word' id='word_1_335' title='bbox 212 1834 415 1871; x_wconf 78' lang='lat' dir='ltr'>minoribus</span> <span class='ocrx_word' id='word_1_336' title='bbox 433 1833 569 1871; x_wconf 88' lang='lat' dir='ltr'>brachii</span> <span class='ocrx_word' id='word_1_337' title='bbox 597 1834 697 1871; x_wconf 85' lang='lat' dir='ltr'>venis</span> <span class='ocrx_word' id='word_1_338' title='bbox 727 1833 911 1882; x_wconf 82' lang='lat' dir='ltr'>plexuque</span> <span class='ocrx_word' id='word_1_339' title='bbox 930 1831 1076 1871; x_wconf 81' lang='lat' dir='ltr'>cubitali</span> <span class='ocrx_word' id='word_1_340' title='bbox 1095 1839 1176 1869; x_wconf 88' lang='lat' dir='ltr'>toto</span> <span class='ocrx_word' id='word_1_341' title='bbox 1196 1829 1343 1870; x_wconf 69' lang='lat' dir='ltr'>valvulee</span> <span class='ocrx_word' id='word_1_342' title='bbox 1359 1830 1559 1869; x_wconf 83' lang='lat' dir='ltr'>numerosae</span> <span class='ocrx_word' id='word_1_343' title='bbox 1576 1830 1665 1869; x_wconf 89' lang='lat' dir='ltr'>sunt.</span> 
     </span>
     <span class='ocr_line' id='line_1_30' title="bbox 80 1889 1670 1942; baseline -0.002 -13"><span class='ocrx_word' id='word_1_344' title='bbox 80 1890 211 1929; x_wconf 85' lang='lat' dir='ltr'>Earum</span> <span class='ocrx_word' id='word_1_345' title='bbox 235 1892 413 1942; x_wconf 80' lang='lat' dir='ltr'>pleraeque</span> <span class='ocrx_word' id='word_1_346' title='bbox 437 1895 616 1941; x_wconf 69' lang='lat' dir='ltr'>geminae,</span> <span class='ocrx_word' id='word_1_347' title='bbox 653 1895 770 1930; x_wconf 83' lang='lat' dir='ltr'>autin</span> <span class='ocrx_word' id='word_1_348' title='bbox 795 1904 980 1930; x_wconf 82' lang='lat' dir='ltr'>ramorum</span> <span class='ocrx_word' id='word_1_349' title='bbox 1004 1892 1206 1940; x_wconf 87' lang='lat' dir='ltr'>originibus</span> <span class='ocrx_word' id='word_1_350' title='bbox 1232 1889 1377 1933; x_wconf 85' lang='lat' dir='ltr'>sedent,</span> <span class='ocrx_word' id='word_1_351' title='bbox 1420 1897 1480 1927; x_wconf 84' lang='lat' dir='ltr'>aut</span> <span class='ocrx_word' id='word_1_352' title='bbox 1504 1891 1547 1926; x_wconf 87' lang='lat' dir='ltr'>ab</span> <span class='ocrx_word' id='word_1_353' title='bbox 1573 1890 1670 1927; x_wconf 87' lang='lat' dir='ltr'>ostiis</span> 
     </span>
     <span class='ocr_line' id='line_1_31' title="bbox 80 1948 1671 2001; baseline -0.001 -15"><span class='ocrx_word' id='word_1_354' title='bbox 80 1962 267 1987; x_wconf 82' lang='lat' dir='ltr'>ramorum</span> <span class='ocrx_word' id='word_1_355' title='bbox 294 1959 442 1988; x_wconf 81' lang='lat' dir='ltr'>remotae</span> <span class='ocrx_word' id='word_1_356' title='bbox 460 1964 524 2001; x_wconf 85' lang='lat' dir='ltr'>per</span> <span class='ocrx_word' id='word_1_357' title='bbox 548 1959 720 1989; x_wconf 83' lang='lat' dir='ltr'>truncum</span> <span class='ocrx_word' id='word_1_358' title='bbox 737 1952 960 2001; x_wconf 81' lang='lat' dir='ltr'>sparguntur.</span> <span class='ocrx_word' id='word_1_359' title='bbox 996 1951 1175 1989; x_wconf 75' lang='lat' dir='ltr'>Solitarias</span> <span class='ocrx_word' id='word_1_360' title='bbox 1195 1961 1324 1999; x_wconf 77' lang='lat' dir='ltr'>paucas</span> <span class='ocrx_word' id='word_1_361' title='bbox 1351 1949 1502 1998; x_wconf 85' lang='lat' dir='ltr'>reperio.</span> <span class='ocrx_word' id='word_1_362' title='bbox 1530 1948 1671 1987; x_wconf 83' lang='lat' dir='ltr'>Robus-</span> 
     </span>
     <span class='ocr_line' id='line_1_32' title="bbox 82 2008 1444 2060; baseline 0 -16"><span class='ocrx_word' id='word_1_363' title='bbox 82 2014 127 2044; x_wconf 82' lang='lat' dir='ltr'>tae</span> <span class='ocrx_word' id='word_1_364' title='bbox 150 2008 222 2045; x_wconf 81' lang='lat' dir='ltr'>fere</span> <span class='ocrx_word' id='word_1_365' title='bbox 250 2008 350 2052; x_wconf 87' lang='lat' dir='ltr'>sunt,</span> <span class='ocrx_word' id='word_1_366' title='bbox 388 2012 439 2047; x_wconf 85' lang='lat' dir='ltr'>uti</span> <span class='ocrx_word' id='word_1_367' title='bbox 456 2010 607 2059; x_wconf 85' lang='lat' dir='ltr'>perinde</span> <span class='ocrx_word' id='word_1_368' title='bbox 636 2010 792 2048; x_wconf 72' lang='lat' dir='ltr'>valvulas</span> <span class='ocrx_word' id='word_1_369' title='bbox 821 2021 993 2048; x_wconf 84' lang='lat' dir='ltr'>venarum</span> <span class='ocrx_word' id='word_1_370' title='bbox 1018 2011 1121 2060; x_wconf 86' lang='lat' dir='ltr'>pedis</span> <span class='ocrx_word' id='word_1_371' title='bbox 1145 2009 1265 2046; x_wconf 79' lang='lat' dir='ltr'>firmas</span> <span class='ocrx_word' id='word_1_372' title='bbox 1291 2009 1444 2057; x_wconf 84' lang='lat' dir='ltr'>reperio.</span> 
     </span>
    </p>
   </div>
   <div class='ocr_carea' id='block_1_3' title="bbox 45 2065 1666 2416">
    <p class='ocr_par' dir='ltr' id='par_1_8' title="bbox 45 2065 1666 2416">
     <span class='ocr_line' id='line_1_33' title="bbox 1469 2065 1666 2111; baseline 0.015 -8"><span class='ocrx_word' id='word_1_373' title='bbox 1469 2070 1501 2111; x_wconf 63' lang='grc' dir='ltr'>ἓ,</span> <span class='ocrx_word' id='word_1_374' title='bbox 1537 2065 1666 2106; x_wconf 77' lang='lat' dir='ltr'>XXI.</span> 
     </span>
     <span class='ocr_line' id='line_1_34' title="bbox 124 2170 1255 2212; baseline 0.002 -12"><span class='ocrx_word' id='word_1_375' title='bbox 124 2170 171 2206; x_wconf 83' lang='lat' dir='ltr'>(b</span> <span class='ocrx_word' id='word_1_376' title='bbox 193 2171 205 2204; x_wconf 88' lang='lat'>)</span> <span class='ocrx_word' id='word_1_377' title='bbox 223 2172 460 2210; x_wconf 68' lang='lat' dir='ltr'>Anthropograph</span> <span class='ocrx_word' id='word_1_378' title='bbox 476 2183 503 2211; x_wconf 77' lang='lat' dir='ltr'>p.</span> <span class='ocrx_word' id='word_1_379' title='bbox 529 2177 594 2212; x_wconf 85' lang='lat'>346.</span> <span class='ocrx_word' id='word_1_380' title='bbox 614 2171 801 2212; x_wconf 63' lang='lat' dir='ltr'>animadvers:</span> <span class='ocrx_word' id='word_1_381' title='bbox 820 2175 851 2203; x_wconf 79' lang='lat' dir='ltr'>in</span> <span class='ocrx_word' id='word_1_382' title='bbox 945 2173 1024 2211; x_wconf 82' lang='lat' dir='ltr'>(f)</span> <span class='ocrx_word' id='word_1_383' title='bbox 1046 2174 1064 2204; x_wconf 86' lang='lat' dir='ltr'>l.</span> <span class='ocrx_word' id='word_1_384' title='bbox 1080 2184 1103 2203; x_wconf 93' lang='lat' dir='ltr'>c.</span> <span class='ocrx_word' id='word_1_385' title='bbox 1129 2183 1157 2211; x_wconf 87' lang='lat' dir='ltr'>p.</span> <span class='ocrx_word' id='word_1_386' title='bbox 1188 2179 1255 2210; x_wconf 83' lang='lat'><strong>787.</strong></span> 
     </span>
     <span class='ocr_line' id='line_1_35' title="bbox 45 2211 1467 2252; baseline 0.001 -12"><span class='ocrx_word' id='word_1_387' title='bbox 45 2213 47 2217; x_wconf 63' lang='lat'><strong><em>⁴</em></strong></span> <span class='ocrx_word' id='word_1_388' title='bbox 84 2212 282 2243; x_wconf 70' lang='lat' dir='ltr'>Bnrtholz&#39;num</span> <span class='ocrx_word' id='word_1_389' title='bbox 306 2222 325 2250; x_wconf 82' lang='lat' dir='ltr'>p</span> <span class='ocrx_word' id='word_1_390' title='bbox 361 2219 430 2250; x_wconf 69' lang='lat'>787,</span> <span class='ocrx_word' id='word_1_391' title='bbox 946 2215 957 2248; x_wconf 88' lang='lat'>(</span> <span class='ocrx_word' id='word_1_392' title='bbox 973 2226 991 2252; x_wconf 79' lang='lat' dir='ltr'><em>g</em></span> <span class='ocrx_word' id='word_1_393' title='bbox 1010 2217 1021 2251; x_wconf 90' lang='lat'>)</span> <span class='ocrx_word' id='word_1_394' title='bbox 1045 2215 1069 2244; x_wconf 88' lang='lat' dir='ltr'><em>H</em></span> <span class='ocrx_word' id='word_1_395' title='bbox 1083 2225 1097 2243; x_wconf 76' lang='lat' dir='ltr'>iz</span> <span class='ocrx_word' id='word_1_396' title='bbox 1111 2225 1126 2242; x_wconf 74' lang='lat'>8</span> <span class='ocrx_word' id='word_1_397' title='bbox 1143 2224 1157 2243; x_wconf 67' lang='lat' dir='ltr'>E</span> <span class='ocrx_word' id='word_1_398' title='bbox 1172 2223 1191 2242; x_wconf 87' lang='lat' dir='ltr'>N</span> <span class='ocrx_word' id='word_1_399' title='bbox 1206 2224 1217 2242; x_wconf 84' lang='lat' dir='ltr'>s</span> <span class='ocrx_word' id='word_1_400' title='bbox 1229 2224 1249 2241; x_wconf 78' lang='lat' dir='ltr'>‘r</span> <span class='ocrx_word' id='word_1_401' title='bbox 1263 2222 1280 2241; x_wconf 73' lang='grc' dir='ltr'>Ρ.</span> <span class='ocrx_word' id='word_1_402' title='bbox 1295 2222 1309 2242; x_wconf 77' lang='lat'>13</span> <span class='ocrx_word' id='word_1_403' title='bbox 1322 2222 1331 2241; x_wconf 85' lang='lat'>1</span> <span class='ocrx_word' id='word_1_404' title='bbox 1344 2222 1365 2241; x_wconf 75' lang='grc' dir='ltr'>Τ</span> <span class='ocrx_word' id='word_1_405' title='bbox 1394 2211 1411 2241; x_wconf 83' lang='lat' dir='ltr'>l.</span> <span class='ocrx_word' id='word_1_406' title='bbox 1444 2221 1467 2242; x_wconf 86' lang='lat' dir='ltr'>c.</span> 
     </span>
     <span class='ocr_line' id='line_1_36' title="bbox 124 2252 1271 2292; baseline 0.002 -12"><span class='ocrx_word' id='word_1_407' title='bbox 124 2252 621 2290; x_wconf 61' lang='lat' dir='ltr'>(c)UtipseFAssnxc1us.</span> <span class='ocrx_word' id='word_1_408' title='bbox 943 2252 1271 2292; x_wconf 64' lang='lat' dir='ltr'>(h)011firv.p.40.</span> 
     </span>
     <span class='ocr_line' id='line_1_37' title="bbox 125 2292 1563 2334; baseline 0.001 -13"><span class='ocrx_word' id='word_1_409' title='bbox 125 2294 204 2328; x_wconf 72' lang='lat' dir='ltr'>(d)</span> <span class='ocrx_word' id='word_1_410' title='bbox 229 2294 351 2322; x_wconf 78' lang='lat' dir='ltr'>Thomas</span> <span class='ocrx_word' id='word_1_411' title='bbox 372 2294 786 2326; x_wconf 55' lang='lat' dir='ltr'>BAR¹rnor1uus1.c.</span> <span class='ocrx_word' id='word_1_412' title='bbox 818 2306 846 2334; x_wconf 87' lang='lat' dir='ltr'>p.</span> <span class='ocrx_word' id='word_1_413' title='bbox 942 2295 1291 2331; x_wconf 65' lang='lat' dir='ltr'>(i3FAssss1c1us</span> <span class='ocrx_word' id='word_1_414' title='bbox 1325 2292 1395 2323; x_wconf 82' lang='lat' dir='ltr'>Tab.</span> <span class='ocrx_word' id='word_1_415' title='bbox 1420 2292 1442 2322; x_wconf 87' lang='lat'>1.</span> <span class='ocrx_word' id='word_1_416' title='bbox 1468 2293 1504 2322; x_wconf 87' lang='lat' dir='ltr'>H.</span> <span class='ocrx_word' id='word_1_417' title='bbox 1561 2315 1563 2317; x_wconf 77' lang='grc'>.</span> 
     </span>
     <span class='ocr_line' id='line_1_38' title="bbox 85 2334 1526 2372; baseline 0.003 -10"><span class='ocrx_word' id='word_1_418' title='bbox 85 2334 591 2369; x_wconf 61' lang='lat' dir='ltr'>595.Hssns2ssrm12rl.c.</span> <span class='ocrx_word' id='word_1_419' title='bbox 944 2335 1082 2372; x_wconf 78' lang='lat' dir='ltr'>(le)N.</span> <span class='ocrx_word' id='word_1_420' title='bbox 1105 2336 1140 2366; x_wconf 92' lang='lat' dir='ltr'>O.</span> <span class='ocrx_word' id='word_1_421' title='bbox 1168 2335 1260 2371; x_wconf 63' lang='lat' dir='ltr'>RQ,</span> <span class='ocrx_word' id='word_1_422' title='bbox 1524 2334 1526 2336; x_wconf 66' lang='grc'>’</span> 
     </span>
     <span class='ocr_line' id='line_1_39' title="bbox 124 2366 1139 2416; baseline 0 -10"><span class='ocrx_word' id='word_1_423' title='bbox 124 2372 137 2406; x_wconf 87' lang='grc'>(</span> <span class='ocrx_word' id='word_1_424' title='bbox 156 2366 378 2409; x_wconf 29' lang='grc' dir='ltr'>θῦηΜθινιοὶνες</span> <span class='ocrx_word' id='word_1_425' title='bbox 398 2382 472 2413; x_wconf 68' lang='lat' dir='ltr'>pour</span> <span class='ocrx_word' id='word_1_426' title='bbox 484 2374 579 2415; x_wconf 80' lang='lat' dir='ltr'>servir</span> <span class='ocrx_word' id='word_1_427' title='bbox 606 2374 630 2406; x_wconf 60' lang='lat' dir='ltr'>ci*</span> <span class='ocrx_word' id='word_1_428' title='bbox 648 2376 774 2416; x_wconf 66' lang='lat' dir='ltr'>l&#39;hffloire</span> <span class='ocrx_word' id='word_1_429' title='bbox 803 2377 849 2406; x_wconf 81' lang='lat' dir='ltr'>des</span> <span class='ocrx_word' id='word_1_430' title='bbox 943 2377 956 2413; x_wconf 74' lang='lat'>(</span> <span class='ocrx_word' id='word_1_431' title='bbox 976 2378 988 2406; x_wconf 91' lang='lat' dir='ltr'>l</span> <span class='ocrx_word' id='word_1_432' title='bbox 1005 2378 1018 2415; x_wconf 84' lang='grc'>&gt;</span> <span class='ocrx_word' id='word_1_433' title='bbox 1041 2376 1074 2408; x_wconf 93' lang='lat' dir='ltr'>L.</span> <span class='ocrx_word' id='word_1_434' title='bbox 1096 2376 1139 2407; x_wconf 81' lang='lat' dir='ltr'>M.</span> 
     </span>
    </p>
   </div>
   <div class='ocr_carea' id='block_1_4' title="bbox 83 2415 236 2447">
    <p class='ocr_par' dir='ltr' id='par_1_9' title="bbox 83 2415 236 2447">
     <span class='ocr_line' id='line_1_40' title="bbox 83 2415 236 2447; baseline 0.02 -6"><span class='ocrx_word' id='word_1_435' title='bbox 83 2415 236 2447; x_wconf 69' lang='lat' dir='ltr'>animaux„</span> 
     </span>
    </p>
   </div>
  </div>
 </body>
</html>
