2003 2748
313 139 400 185 426
817 128 1143 172 AEIB.IV.
1211 130 1399 173 COR:

311 233 350 271 ὃς
374 231 480 282 ipsius
499 227 664 268 auriculae
675 228 911 267 constantiam
936 227 1116 278 superasse.
1153 226 1306 266 Perinde
1330 230 1441 266 etiam
1455 229 1494 265 in
1520 224 1745 265 moribundo
1765 221 1921 267 animale*

309 292 433 341 saepius
451 290 583 340 pulsat,
622 288 743 326 donec
773 288 882 326 semel
899 288 1056 326 auricula
1084 288 1316 326 contrahatur
1343 289 1447 336 (u).

368 350 409 388 ln
436 349 575 387 finistro
597 349 704 386 latere
727 347 886 386 similiter
907 346 1127 386 ventriculus
1158 356 1241 385 ante
1269 346 1366 386 suam
1396 347 1618 389 auriculam,
1654 344 1820 384 finumve
1847 346 1917 385 ces«

308 411 380 448 sat:
420 408 551 447 deinde
579 408 659 458 post
687 409 848 457 quietem
876 406 969 445 finus
991 420 1090 445 venae
1122 408 1350 457 pulmonales
1380 408 1516 445 ultimae
1543 405 1683 456 pulsant
1703 406 1795 454 (x)
1815 434 1824 448 ‚
1880 404 1917 442 &

304 469 442 507 alterne
470 468 682 517 sanguinem
708 481 727 505 a
746 467 923 517 pulmone
938 467 1142 517 accipiunt,
1169 466 1305 518 ipfique
1319 466 1485 505 reddunt.
1523 466 1627 504 Dum
1640 465 1784 502 animali
1802 465 1915 503 robur

305 528 461 578 superest
478 557 488 571 ,
521 535 599 565 tota
619 529 657 565 in
680 527 858 576 pulmone
884 539 982 565 venae
1010 527 1207 576 longitudo
1233 527 1371 577 pulsat3
1407 526 1555 576 quando
1588 536 1676 562 vero
1696 537 1795 563 nunc
1816 524 1915 561 debi-

303 586 338 625 le
365 589 433 631 est,
472 595 560 625 tunc
578 588 724 625 brevior
753 597 931 637 perpetuo
953 599 1053 625 venre
1079 588 1207 636 ‚portio
1236 590 1351 624 micat.
1395 586 1446 623 lta
1468 587 1556 624 dum
1576 587 1674 633 viget
1691 593 1836 626 motus,
1878 585 1916 621 in

303 650 406 685 venis
433 647 705 697 pulmonalibus
736 647 775 683 ⁷&
801 649 894 685 cavis
928 646 1153 695 synchronus
1184 645 1233 683 est
1265 644 1379 694 (y),
1428 645 1576 694 quando
1610 657 1696 681 vero
1723 644 1910 692 elanguit,

304 713 394 746 tunc
413 706 552 756 superat
569 719 658 744 vena
676 718 780 749 cava,
819 707 856 744 &
875 706 1075 756 frequentia
1091 704 1260 755 pulsuum
1273 734 1282 748 ,
1315 707 1378 755 qui
1395 704 1513 743 multo
1526 703 1794 742 numerosiores
1808 702 1912 745 sunt,

301 778 415 816 quam
444 778 544 805 venae
564 766 790 818 ¹pulmonalis
810 767 828 814 (
841 778 865 803 z
879 764 920 817 ¹),
957 767 995 803 ὃς
1019 766 1263 803 diuturnitate„

536 882 576 924 ξ
606 873 652 916 Χ
667 875 709 915 X
724 874 770 914 V.
839 873 905 915 Vis
926 873 1039 914 cordis
1054 881 1221 925 penetrat
1247 876 1285 914 in
1308 879 1463 915 arterias
1484 874 1674 925 capularet.

363 986 549 1039 Tempora
570 994 693 1026 {notus
714 987 835 1025 cordis
849 987 1028 1030 diximus,
1059 984 1217 1036 'superest
1238 994 1277 1025 ut
1296 988 1388 1024 vires
1406 987 1512 1035 hujus
1537 988 1614 1025 cavi
1637 984 1788 1024 musculi
1810 986 1916 1023 merie*

296 1047 405 1086 damur
424 1077 433 1092 ,
465 1050 527 1098 qui
549 1046 687 1085 dudum
714 1047 893 1097 plurimus
916 1046 1221 1097 phyfiologorum
1241 1047 1343 1084 labor
1368 1047 1445 1085 fuit.
1483 1046 1526 1084 Et
1547 1049 1736 1096 ingentem
1762 1045 1912 1095 quidem

297 1109 376 1145 vini
401 1108 547 1145 tantillae
567 1108 681 1145 carnis
705 1106 772 1144 esse
790 1135 799 1150 ‚
838 1108 956 1145 obiter
980 1106 1181 1157 inspicienti
1198 1114 1315 1156 patet;
1343 1118 1422 1156 quae
1443 1105 1702 1156 comprehensa
1720 1105 1822 1143 nullo
1841 1117 1914 1143 ma-

299 1179 369 1204 nus
398 1169 533 1205 robore
554 1168 740 1210 coerceri,
778 1167 880 1204 nullo
907 1179 999 1216 pene
1024 1167 1187 1216 pondere
1216 1167 1301 1204 elidi
1332 1166 1461 1216 possit,
1507 1167 1717 1216 pectorique
1744 1163 1910 1214 >imposita

298 1228 458 1265 maxima
484 1226 647 1277 pondera
679 1226 845 1276 quolibet
865 1228 940 1264 -irstu
965 1227 1103 1264 elevet:
1146 1237 1226 1276 quae
1253 1235 1420 1275 praeterea
1440 1225 1511 1263 sola
1527 1254 1536 1268 ,
1576 1227 1612 1263 &
1630 1231 1830 1275 perpetuo,
1874 1224 1912 1260 &

299 1286 431 1336 absque
451 1287 664 1335 fatigatione
691 1286 860 1328 laboret,
902 1287 938 1323 ἃ
963 1288 1155 1335 quinquies
1171 1286 1299 1322 millies
1317 1288 1358 1322 vin
1385 1298 1454 1323 una
1483 1285 1571 1322 hora
1592 1314 1600 1327 ‚
1637 1286 1724 1322 toris
1757 1291 1908 1320 centum

299 1348 402 1384 annis
419 1375 428 1389 ,
467 1346 570 1384 nullo
596 1345 734 1383 alterno
756 1345 886 1383 somno
905 1354 1080 1388 recreata,
1113 1347 1265 1395 perenni
1297 1345 1419 1383 labore
1450 1344 1691 1392 defungatur3
1727 1354 1810 1380 cum
1829 1354 1911 1380 om-

298 1418 363 1443 nes
384 1406 464 1449 alii,
501 1405 620 1443 multo
647 1406 792 1454 majoris
819 1405 1019 1455 ponderis,
1053 1405 1207 1443 musculi
1234 1407 1325 1442 intra
1338 1402 1563 1454 ,paucissimas
1589 1403 1694 1442 horas
1721 1403 1769 1439 ita
1786 1400 1910 1440 lassen-

297 1472 356 1502 tur
379 1494 389 1508 ‚
436 1473 476 1504 ut
500 1464 712 1506 invitissimo
738 1466 881 1502 homini
906 1467 1066 1514 quietem
1092 1471 1342 1514 extorqueant.
1394 1463 1537 1502 Verum
1563 1463 1761 1502 accuratius
1788 1463 1909 1510 omni-7

293 1537 349 1563 :uo
371 1524 434 1563 has
458 1524 634 1563 miracu-lo
661 1527 847 1574 proximas
867 1525 988 1562 cordis
1017 1526 1109 1562 vires
1137 1526 1256 1561 metiri
1284 1532 1441 1574 oportet.

355 1583 502 1623 Vitium
530 1584 695 1622 mensura
717 1584 862 1622 effertus
884 1585 958 1627 est,
999 1597 1083 1623 nam
1109 1593 1232 1622 motus
1257 1584 1363 1634 ipfius
1382 1613 1392 1627 ‚
1437 1585 1487 1622 rei
1508 1582 1656 1634 quidem
1688 1580 1875 1621 notiffimae
1892 1582 1909 1626 ,¹

295 1652 462 1683 naturam
482 1653 602 1682 tamen
619 1657 730 1682 nemo
756 1643 1062 1694 philosophorum
1086 1644 1274 1694 perspexit.
1312 1643 1465 1682 Effectus
1489 1646 1621 1683 virium
1638 1644 1758 1681 cordis
1778 1642 1827 1679 est
1844 1653 1907 1679 ex-

294 1703 412 1754 pulsio
434 1704 616 1753 sanguinis
638 1706 678 1741 in
698 1706 862 1744 arteriam
883 1704 1142 1754 pulmoneam,
1178 1706 1289 1753 inque
1307 1713 1467 1748 aonam,
1497 1714 1604 1754 atque
1623 1703 1715 1741 adeo
1736 1705 1774 1740 in
1793 1703 1904 1739 totius

297 1765 462 1812 corporis
483 1766 633 1801 arterias.
667 1762 812 1802 Verum
838 1766 914 1811 ejus
930 1763 1156 1813 ¹expulsionis
1182 1764 1315 1801 limites
1340 1766 1399 1803 alii
1429 1765 1530 1802 aliter
1560 1764 1766 1814 posuerunt.
1804 1760 1905 1797 Prin·
1949 1784 1957 1792 ι

296 1824 434 1872 cipium
455 1822 626 1871 equidem
656 1832 763 1859 aortae
777 1851 786 1864 ,
823 1830 889 1859 vaut
903 1824 1126 1870 pulmonalis
1151 1826 1285 1860 arteriae
1305 1851 1314 1865 ‚
1351 1838 1369 1860 a
1390 1824 1562 1870 sanguine
1577 1851 1585 1864 ‚
1623 1833 1732 1870 quem
1760 1832 1825 1857 cor
1842 1831 1904 1856 ex-

295 1881 418 1932 pulit,
458 1884 585 1930 utique
610 1881 774 1930 undique
800 1881 991 1924 dilatatur,
1030 1880 1066 1918 Sc
1089 1893 1160 1918 una
1183 1880 1330 1929 longius
1354 1880 1414 1923 fit,
1448 1892 1555 1930 atque
1575 1881 1666 1918 adeo
1684 1878 1804 1928 pulsus
1829 1877 1905 1915 effi-

296 1942 397 1979 citur.
426 1939 566 1979 Verum
596 1940 786 1989 quousque
803 1940 879 1978 haec
903 1939 1056 1989 pulsatio
1079 1939 1279 1989 procedat,
1322 1953 1367 1977 an
1393 1942 1429 1976 in
1456 1952 1587 1977 omnes
1616 1941 1825 1976 arteriarum
1851 1950 1903 1975 ra-

295 2012 377 2039 mos
402 2002 455 2038 vis
476 2001 596 2038 cordis
619 2009 805 2049 penetret,
839 2012 884 2037 an
906 2000 944 2036 in
975 2010 1082 2037 venas
1108 1999 1258 2037 demum
1281 2001 1538 2042 continuetur,
1572 2000 1607 2036 &
1633 1998 1807 2036 venosum
1827 1997 1901 2035 san-

296 2062 446 2110 guinem
466 2067 707 2109 promoveat,
745 2061 782 2097 &
806 2059 980 2097 humores
1001 2061 1185 2097 tenuiores
1205 2088 1213 2101 ‚
1250 2059 1322 2097 hoc
1345 2060 1430 2097 loco
1452 2058 1712 2108 inquirendum
1734 2058 1792 2095 est.

349 2118 397 2159 Et
416 2119 562 2170 pulsum
583 2118 733 2170 quidem
749 2148 760 2164 ‚
797 2121 860 2169 qui
882 2119 1002 2158 cordis
1029 2118 1174 2157 effeclus
1202 2119 1274 2162 est,
1322 2119 1553 2158 ostendemus
1578 2147 1588 2162 ,
1631 2120 1670 2156 in
1695 2117 1798 2157 calidi
1823 2116 1899 2154 san-

1777 2188 1899 2226 guinis

334 2296 414 2334 (u)
434 2295 468 2327 In
490 2295 586 2327 iisdem
610 2306 675 2336 exp.
703 2296 786 2328 conf.
812 2306 840 2335 p.
864 2306 933 2333 ιιι-γ.

333 2337 411 2375 (x)
433 2339 530 2385 Hora,
559 2339 619 2376 post
634 2340 761 2376 qui-:tem
785 2339 935 2370 auriculae:
964 2347 1082 2371 centum
1106 2340 1192 2371 etiam
1219 2342 1245 2372 ἃ
1274 2339 1375 2371 decem
1395 2339 1512 2370 minutis
1541 2339 1567 2368 &
1587 2336 1669 2368 ultra.

333 2378 410 2456 {⁸33
431 2379 532 2451 l3ki'sd'&
555 2426 616 2454 ter,
642 2420 668 2449 Sc
693 2419 808 2453 decies,
841 2422 868 2450 &
892 2422 1047 2454 duodecies
1076 2434 1150 2457 vena
1173 2434 1242 2457 cava
1267 2422 1396 2464 pulsabat
1411 2445 1420 2463 ,
1446 2420 1620 2463 pulmon-alis
1638 2417 1731 2450 semel.

333 2460 347 2498 ί
368 2459 414 2501 a)
436 2460 508 2496 lbi-l.
534 2461 571 2496 ad
593 2466 712 2494 centum
733 2463 761 2494 ἀ
785 2463 887 2495 decem
912 2465 1032 2497 minuta.

1987 0 2003 65 ,11-
