2003 2748
348 112 530 152 SECT.
565 109 1377 153 ILCORDISAURICULAE:
1578 109 1657 161 3'117

536 213 568 254 §.
603 207 738 248 XIII.
807 208 965 246 Valvula
993 207 1176 256 Eustachii.

116 302 285 352 Sequitur
303 331 311 345 ,
351 304 542 351 conjunsta
566 316 650 340 cum
675 303 794 340 isthmi
815 301 947 340 finistra
973 303 1144 340 columna
1166 301 1313 340 vulvula
1329 331 1338 345 ‚
1378 315 1485 352 quam
1512 304 1585 342 fere
1606 305 1649 343 ab

52 363 243 399 inventore
270 361 294 399 E
310 374 329 399 υ
347 375 361 400 s
375 375 398 399 τ
412 375 432 399 Α
447 375 467 398 c
480 375 505 399 H
518 375 530 399 1
545 374 567 398 A
581 374 606 398 N
619 374 641 398 Α
656 374 684 399 Μ
707 363 907 399 nominant.
934 362 1042 400 Certe
1065 362 1148 399 clari
1174 364 1239 399 viri
1263 374 1370 399 voces
1397 362 1478 413 (z)
1502 376 1547 401 eo
1569 376 1649 413 per-

53 422 189 464 tinent,
220 420 278 459 etfi
305 423 389 459 icon
417 421 564 459 obscura
592 421 663 463 est,
699 428 807 470 atque
835 421 1028 458 reticulum
1053 421 1172 458 versus
1195 421 1418 470 superiorem
1439 435 1568 460 venam
1592 435 1648 461 ca-

51 491 135 516 vam
148 480 336 518 obversum
348 508 357 522 ,
387 480 544 517 lunatam
557 492 644 517 vero
660 481 909 517 membranam
925 508 935 523 ‚
961 480 986 517 fi
1002 492 1047 518 ex
1063 480 1178 529 figura
1195 479 1272 529 (cz)
1288 481 1425 528 judices
1441 510 1449 524 ,
1476 482 1646 520 deorsum

52 551 255 576 convexam
283 539 415 580 habet,
456 546 497 576 ut
517 540 577 577 vix
610 546 774 577 naturam
803 538 1000 587 adgnoscas
1019 568 1028 582 ‚
1063 541 1098 577 &
1129 540 1173 577 ad
1202 540 1364 577 foramen
1389 541 1492 579 ovale
1510 570 1520 584 ,
1559 554 1645 580 cum

48 597 110 636 sua
130 598 266 635 valvula
284 626 293 640 ‚
326 610 484 647 nuperus
509 597 536 636 E
551 611 572 635 υ
585 611 599 636 s
612 610 637 635 T
651 610 672 635 A
686 610 706 636 c
719 611 745 635 H
758 611 770 635 1
786 610 798 634 1
828 602 1006 648 interpres
1034 599 1047 639 (
1064 598 1084 636 b
1100 600 1116 645 )
1148 599 1251 637 italus
1278 600 1439 637 retulerit
1455 629 1464 643 ‚
1500 602 1582 650 post
1604 601 1646 639 fi-

52 656 177 693 milem
194 656 375 702 johannis
391 655 424 694 R
437 669 450 692 1
467 669 490 694 o
502 670 523 695 L
536 670 558 694 A
571 670 596 695 N
614 670 626 694 1
647 657 667 705 (
685 670 702 695 c
717 659 733 703 )
754 658 1006 705 conjecturam.
1043 657 1132 696 Non
1154 658 1239 696 ideo
1256 671 1353 707 nego
1366 688 1375 703 ‚
1417 659 1520 697 aliam
1537 662 1645 698 etiam

51 715 126 763 ejus
157 715 245 752 olim
274 715 498 753 celeberrimi
527 718 594 755 viri
627 717 871 764 conjec‘turam
903 718 1062 762 exstare,
1101 725 1208 768 atque
1239 719 1282 756 ab
1305 731 1349 756 eo
1374 731 1494 756 veram
1523 718 1644 758 Eusta-

51 774 123 812 chii
146 774 324 813 valvulam
344 774 541 824 designari,
581 788 689 826 quam
713 789 757 813 eo
787 777 863 826 ipso
883 778 968 815 loco
990 776 1104 815 adesse
1123 785 1233 826 negat
1253 778 1340 826 (d)
1365 780 1400 815 ὃς
1419 778 1642 817 reticularem

49 832 290 873 membranam
317 836 483 872 nominat
501 863 509 878 ,
540 838 577 872 in
605 835 768 872 auriculae
791 835 920 883 orificio
945 835 1140 884 appositam.
1167 836 1308 874 Certius
1327 836 1399 874 huc
1419 849 1554 876 revoco
1570 838 1642 884 Jo-

49 892 177 930 hannis
207 893 360 930 SPERL
376 906 387 930 1
403 905 427 931 N
445 906 526 931 (311
553 895 633 942 (e)
666 894 842 932 valvulam
858 923 867 937 ‚
908 907 986 945 quae
1011 907 1128 944 prope
1159 908 1258 933 venae
1284 897 1481 935 coronariae
1508 897 1641 935 ostium

49 950 163 1001 pofita
193 960 319 995 cavet,
355 965 401 990 ne
421 953 601 1002 sanguinis
629 955 665 991 in
692 966 818 991 venam
839 966 963 992 cavam
990 955 1203 993 retrocedat.

108 1009 206 1048 Huic
231 1019 351 1049 autem
381 1013 527 1050 valvulae
558 1014 596 1050 in
622 1013 828 1055 universum
855 1013 948 1051 lunae
976 1014 1164 1052 crescentis
1189 1014 1303 1062 figura
1336 1015 1384 1052 est
1401 1043 1410 1057 ‚
1449 1022 1490 1053 ut
1519 1016 1638 1056 media

50 1077 150 1120 parte
174 1071 278 1107 latior
293 1099 302 1114 ‚
336 1073 507 1120 utrinque
525 1079 748 1109 extenuetur.
786 1071 871 1118 Qua
891 1072 1047 1110 latiffima
1072 1074 1121 1110 est
1142 1103 1150 1118 ,
1185 1075 1288 1110 valde
1309 1074 1481 1111 diversam
1504 1075 1638 1113 diame-

49 1135 146 1166 trum
169 1128 284 1167 habet.
321 1129 418 1167 Nam
446 1132 482 1168 &
511 1133 548 1168 in
568 1132 697 1169 adultis
721 1132 933 1169 hominibus
950 1161 958 1174 ‚
993 1133 1026 1169 <Sc
1046 1134 1082 1170 in
1107 1133 1249 1171 fetubus
1269 1134 1438 1171 nondum
1462 1136 1499 1171 in
1516 1134 1638 1175 lucem

49 1184 153 1224 editis
168 1216 177 1230 ‚
210 1200 228 1224 a
251 1188 354 1226 lineae
369 1189 557 1226 latitudine
578 1189 658 1238 (f)
685 1191 729 1227 ad
747 1191 934 1228 dimidiam
958 1194 1104 1229 unciam
1121 1193 1210 1240 (g)
1233 1205 1296 1243 per
1318 1205 1445 1230 omnes
1467 1196 1638 1231 interme-

46 1245 129 1299 dios
158 1247 290 1295 gradus
313 1248 517 1285 variabilem
543 1249 635 1296 (h)
671 1243 823 1298 reperic‘).
884 1249 948 1287 Uti
978 1251 1083 1288 latior
1122 1252 1171 1288 est
1190 1280 1199 1294 ‚
1239 1253 1286 1288 ita
1322 1254 1498 1299 majorem
1530 1254 1638 1290 etiam

47 1317 149 1343 venae
167 1318 259 1344 cavae
274 1309 484 1356 portionem
502 1309 591 1357 tegit
614 1308 649 1345 δι
677 1315 853 1359 occupat,
891 1317 1053 1360 quartam
1079 1310 1098 1359 (
1118 1312 1132 1347 i
1149 1312 1166 1359 )
1185 1339 1193 1353 ,
1229 1314 1370 1349 tertiam
1394 1312 1429 1348 &
1450 1311 1541 1356 ultra
1559 1311 1636 1360 (le)

49 1364 208 1402 mediam
239 1367 275 1402 &
302 1366 394 1404 ultra
415 1366 462 1414 (l
475 1369 501 1413 ).

108 1423 166 1461 Ad
197 1425 498 1474 perpendiculum
525 1427 675 1475 ponitur
692 1455 700 1469 ‚
744 1433 784 1463 ut
809 1427 914 1465 latior
945 1440 1023 1477 pars
1055 1430 1127 1466 ima
1153 1427 1220 1472 fit,
1265 1441 1402 1467 cornua
1428 1430 1634 1479 superiora;

47 1481 248 1533 eademque
277 1484 501 1522 constantem
525 1485 679 1522 limitem
701 1487 794 1523 inter
820 1488 985 1526 auriculae
1008 1487 1143 1526 dextrae
1159 1489 1317 1532 radicem
1342 1490 1543 1527 ventriculo
1558 1491 1634 1538 ejus

1588 1549 1637 1586 la-

154 1599 167 1638 )
190 1603 233 1631 De
253 1612 326 1631 vena
335 1599 399 1640 stne
426 1602 491 1640 pari
513 1603 696 1641 antigramm.
728 1602 782 1635 XI.

157 1643 168 1676 )
192 1641 265 1672 Tab.
286 1648 312 1678 8.
333 1643 353 1673 f.
373 1644 403 1673 6.

129 1682 167 1718 ι)
193 1685 343 1713 caietanus
367 1684 625 1715 permotus
648 1684 684 1715 ad
711 1694 774 1715 eam
797 1683 1045 1718 Eusmcnu
1070 1685 1190 1726 figuram
1221 1688 1250 1718 in
1269 1687 1326 1720 tab.
1357 1689 1403 1718 16.
1423 1687 1444 1718 f.
1474 1695 1498 1725 ς.
1526 1697 1556 1727 p.
1586 1695 1634 1726 93.

152 1723 164 1760 )
187 1723 390 1763 Animadverfi
413 1727 445 1754 in
468 1728 497 1755 C.
523 1726 646 1757 Bauhin.
670 1735 696 1764 p.
719 1735 786 1765 702.

151 1766 166 1842 >)
188 1765 206 1794 l.
233 1775 256 1795 c.
280 1765 356 1795 conf.
382 1775 409 1804 p.
441 1775 507 1803 705.

188 1806 387 1845 Anthropolog.
406 1807 485 1844 phys.
503 1805 576 1846 spec.
598 1818 625 1846 p.
654 1817 725 1847 432.

124 1843 148 1882 f
197 1846 497 1885 Ejusmodiangustam
514 1848 659 1879 valvulam
673 1871 681 1886 ‚
698 1855 746 1880 aut
760 1849 879 1879 omnino
891 1859 949 1881 non
968 1851 1052 1882 multi
1070 1850 1200 1881 latiorem
1216 1850 1338 1889 pingunt
1353 1853 1516 1882 Gztilielmus
1535 1852 1557 1883 C
1569 1861 1585 1882 o
1596 1862 1637 1883 w-

45 1896 93 1916 }ss
107 1896 125 1915 R
145 1893 277 1923 myotom.
301 1899 367 1918 nov.
395 1888 430 1918 T.
457 1897 501 1926 37.
522 1889 542 1919 f.
570 1899 597 1920 2.
627 1890 664 1920 R.
688 1890 712 1926 J.
746 1893 791 1920 Cr.
822 1890 911 1921 ΘΑΕ
925 1901 941 1921 n
956 1901 978 1920 N
992 1903 1008 1922 c:
1025 1902 1039 1922 n
1053 1902 1102 1922 OT
1122 1890 1329 1931 splanchnolog.
1350 1893 1384 1923 T.
1414 1892 1451 1924 11.
1478 1903 1505 1931 p.
1531 1903 1594 1929 140.
1614 1893 1638 1923 f.

47 1934 76 1956 2.
98 1927 130 1956 C.
155 1929 218 1963 Juc.
242 1928 363 1958 Tnssw
386 1928 405 1958 f.
427 1929 444 1958 l.
472 1939 496 1959 c.
522 1930 541 1958 f.
568 1939 616 1965 41.
639 1932 666 1960 &
691 1931 778 1968 paulo
797 1931 928 1962 latiorem
948 1932 966 1962 f.
994 1943 1038 1969 59.
1063 1937 1110 1962 60.
1192 1950 1195 1958 ·

90 1966 165 2004 (g)
189 1967 232 1997 Ita
249 1968 277 1997 in
302 1968 386 2003 hujus
408 1969 501 2007 operis
522 1969 594 2000 Tab.
616 1970 651 2000 Η.
674 1970 700 2000 se
721 1971 822 2001 habuit
838 1972 874 2001 ad
900 1973 937 2011 Q.
965 1974 1053 2012 inque
1071 1971 1202 2012 flasciculi
1224 1973 1271 2003 lv.
1293 1975 1407 2003 iconum
1435 1973 1470 2004 T.
1500 1973 1519 2003 Ῑ.
1539 1974 1586 2013 fig.
1607 1984 1636 2011 7.

47 2007 146 2037 Latam
171 2009 255 2038 etiam
282 2009 415 2048 depinxit
440 2009 493 2039 LA
508 2019 631 2040 »ποιεῖ
649 2021 695 2041 us
720 2011 740 2042 1.
761 2021 785 2041 c.
816 2022 844 2049 p.
872 2023 939 2051 109.
968 2024 1031 2044 110.
1055 2015 1081 2044 &
1103 2014 1133 2045 C.
1166 2014 1293 2048 Tnssw
1319 2014 1336 2045 f.
1362 2024 1418 2045 20:
1448 2016 1475 2045 &
1497 2015 1639 2054 descripsit

47 2046 108 2087 Jqfi
128 2048 277 2079 Duvssn
294 2059 383 2080 NEY
403 2050 478 2089 apud
498 2050 543 2080 111.
572 2050 718 2082 Same
741 2051 776 2082 T.
807 2051 1297 2092 11.p.631.M01³c.aoNus
1327 2055 1401 2094 Epss
1437 2056 1502 2087 XV.
1531 2066 1560 2086 n.
1588 2062 1636 2092 28.

46 2099 98 2124 40.
119 2090 219 2166 Pagus
238 2092 338 2120 Simon
363 2091 388 2122 R
403 2102 419 2122 ο
432 2102 452 2121 υ
466 2101 486 2121 H
500 2102 520 2122 A
535 2101 617 2121 ULT
641 2091 658 2122 l.
686 2103 710 2124 c.
735 2102 762 2131 p.
789 2102 835 2131 70.
865 2095 890 2131 J.
922 2096 1011 2126 Wilh.
1041 2096 1063 2126 A
1080 2107 1097 2125 L
1111 2107 1127 2126 B
1141 2106 1160 2127 R
1177 2106 1192 2125 E
1207 2106 1225 2125 c
1240 2106 1261 2126 H
1274 2106 1293 2125 T
1317 2096 1346 2126 in
1371 2096 1500 2136 parent-’si
1525 2099 1564 2128 ad
1585 2096 1640 2136 dis:

47 2136 139 2159 centes
179 2132 201 2165 ὅ
228 2132 335 2162 docent.
1273 2144 1276 2148 '

89 2170 169 2209 (h)
191 2171 364 2203 Variabilem
387 2171 442 2203 effe
468 2174 554 2204 etiam
576 2173 622 2204 alii
643 2174 685 2205 Cl.
709 2175 761 2205 viri
788 2182 985 2213 monuerunt,
1016 2184 1049 2207 ut
1072 2175 1205 2217 Josephus
1232 2177 1257 2208 D
1276 2188 1478 2210 UVERNEY
1511 2180 1540 2210 in
1569 2180 1639 2211 Me-

45 2213 128 2241 moir.
153 2213 186 2241 de
209 2212 321 2244 l'Acad.
350 2216 420 2251 Roy.
447 2214 494 2244 des
515 2213 618 2254 scienc.
649 2225 728 2254 1717.
753 2219 810 2253 ιῙιισ
830 2219 974 2255 Benignus
995 2218 1096 2249 Wm
1112 2229 1182 2249 suo
1201 2230 1226 2248 w
1252 2219 1319 2249 ibid.
1362 2230 1447 2259 1725.
1484 2231 1512 2259 p.
1537 2230 1580 2258 25.
1609 2221 1638 2257 J.

47 2250 79 2281 Β.
102 2252 213 2282 SENA
228 2263 246 2282 e
268 2254 284 2284 l.
306 2264 329 2284 c.
357 2255 392 2285 T.
418 2255 455 2285 ll.
480 2266 508 2294 p.
535 2260 603 2294 678.
624 2257 649 2294 J.
676 2257 706 2288 B.
736 2257 958 2288 Menneu
973 2269 1017 2289 us
1042 2270 1072 2291 n.
1098 2266 1145 2296 28.
1176 2261 1223 2299 qui
1245 2260 1321 2291 idem
1344 2263 1437 2293 varios
1464 2270 1572 2293 natura:
1595 2262 1639 2302 Πη-

47 2291 94 2324 sus
114 2292 163 2323 fibi
187 2293 260 2324 visos
281 2295 414 2325 recenset.
470 2326 474 2328 ,

90 2332 104 2368 (
124 2335 136 2362 i
155 2335 168 2371 )
192 2334 319 2365 Tertiam
341 2336 387 2366 W
401 2346 419 2364 Α
439 2347 455 2364 L
468 2346 489 2366 τ
502 2347 550 2369 uu
564 2348 583 2368 ι
611 2340 645 2369 de
662 2338 778 2377 sizbrica
801 2342 998 2373 auricuimem
1018 2344 1117 2375 cordis.

88 2373 101 2409 (
118 2375 163 2409 lc)
186 2375 226 2405 Ut
246 2376 274 2405 in
297 2377 381 2407 icone
398 2375 470 2412 Tab.
500 2378 534 2408 11.

89 2413 167 2453 (l)
190 2417 434 2449 Atsssncn‘r
461 2417 479 2449 1.
507 2428 532 2451 c.
