<?xml version="1.0" encoding="UTF-8"?>
<!DOCTYPE html PUBLIC "-//W3C//DTD XHTML 1.0 Transitional//EN"
    "http://www.w3.org/TR/xhtml1/DTD/xhtml1-transitional.dtd">
<html xmlns="http://www.w3.org/1999/xhtml" xml:lang="en" lang="en">
 <head>
  <title>
</title>
<meta http-equiv="Content-Type" content="text/html;charset=utf-8" />
  <meta name='ocr-system' content='tesseract 3.04.00' />
  <meta name='ocr-capabilities' content='ocr_page ocr_carea ocr_par ocr_line ocrx_word'/>
</head>
<body>
  <div class='ocr_page' id='page_1' title='image "./elementaphysiolo01hall_0031.png"; bbox 0 0 2003 2748; ppageno 0'>
   <div class='ocr_carea' id='block_1_1' title="bbox 229 125 1710 180">
    <p class='ocr_par' dir='ltr' id='par_1_1' title="bbox 229 125 1710 180">
     <span class='ocr_line' id='line_1_1' title="bbox 229 125 1710 180; baseline -0.005 -5"><span class='ocrx_word' id='word_1_1' title='bbox 229 128 233 132; x_wconf 52' lang='grc'><strong><em>’</em></strong></span> <span class='ocrx_word' id='word_1_2' title='bbox 294 129 419 175; x_wconf 81' lang='lat' dir='ltr'><strong><em>LIB.</em></strong></span> <span class='ocrx_word' id='word_1_3' title='bbox 453 134 484 174; x_wconf 90' lang='lat' dir='ltr'><strong>I.</strong></span> <span class='ocrx_word' id='word_1_4' title='bbox 530 126 718 174; x_wconf 89' lang='lat' dir='ltr'>CORP.</span> <span class='ocrx_word' id='word_1_5' title='bbox 753 129 909 171; x_wconf 89' lang='lat' dir='ltr'>HUM.</span> <span class='ocrx_word' id='word_1_6' title='bbox 947 125 1331 171; x_wconf 85' lang='lat' dir='ltr'><strong>ELEMENTA.</strong></span> <span class='ocrx_word' id='word_1_7' title='bbox 1385 131 1504 170; x_wconf 72' lang='lat' dir='ltr'><strong>Fibra„</strong></span> <span class='ocrx_word' id='word_1_8' title='bbox 1692 145 1710 180; x_wconf 80' lang='lat'><em>5</em></span> 
     </span>
    </p>
   </div>
   <div class='ocr_carea' id='block_1_2' title="bbox 82 227 1754 1758">
    <p class='ocr_par' dir='ltr' id='par_1_2' title="bbox 103 227 1725 1287">
     <span class='ocr_line' id='line_1_2' title="bbox 103 227 1716 282; baseline -0.003 -10"><span class='ocrx_word' id='word_1_9' title='bbox 103 233 247 282; x_wconf 76' lang='lat' dir='ltr'><strong>adjutor</strong></span> <span class='ocrx_word' id='word_1_10' title='bbox 267 231 333 270; x_wconf 86' lang='lat' dir='ltr'><strong>fuit</strong></span> <span class='ocrx_word' id='word_1_11' title='bbox 359 232 396 268; x_wconf 70' lang='grc' dir='ltr'><strong>δι</strong></span> <span class='ocrx_word' id='word_1_12' title='bbox 422 230 604 273; x_wconf 61' lang='grc' dir='ltr'><strong>ηῑίηἰίῒετ,</strong></span> <span class='ocrx_word' id='word_1_13' title='bbox 639 230 676 267; x_wconf 85' lang='lat'>&amp;</span> <span class='ocrx_word' id='word_1_14' title='bbox 700 241 764 278; x_wconf 90' lang='lat' dir='ltr'><strong>per</strong></span> <span class='ocrx_word' id='word_1_15' title='bbox 786 227 956 267; x_wconf 51' lang='lat' dir='ltr'><strong>Hunni</strong></span> <span class='ocrx_word' id='word_1_16' title='bbox 972 240 985 265; x_wconf 93' lang='lat'>1</span> <span class='ocrx_word' id='word_1_17' title='bbox 1019 229 1091 275; x_wconf 90' lang='lat' dir='ltr'><strong>(o)</strong></span> <span class='ocrx_word' id='word_1_18' title='bbox 1117 227 1241 265; x_wconf 81' lang='lat' dir='ltr'><strong>similia</strong></span> <span class='ocrx_word' id='word_1_19' title='bbox 1263 228 1336 265; x_wconf 88' lang='lat' dir='ltr'><strong>fere</strong></span> <span class='ocrx_word' id='word_1_20' title='bbox 1360 227 1526 276; x_wconf 89' lang='lat' dir='ltr'><strong>pericula.</strong></span> <span class='ocrx_word' id='word_1_21' title='bbox 1563 227 1716 267; x_wconf 67' lang='lat' dir='ltr'><strong>Lebetes</strong></span> 
     </span>
     <span class='ocr_line' id='line_1_3' title="bbox 104 287 1717 343; baseline -0.004 -13"><span class='ocrx_word' id='word_1_22' title='bbox 104 292 323 343; x_wconf 87' lang='lat' dir='ltr'><strong>cylindricos</strong></span> <span class='ocrx_word' id='word_1_23' title='bbox 340 290 505 328; x_wconf 82' lang='lat' dir='ltr'>adhibuit</span> <span class='ocrx_word' id='word_1_24' title='bbox 530 289 589 326; x_wconf 88' lang='lat' dir='ltr'><strong>ille</strong></span> <span class='ocrx_word' id='word_1_25' title='bbox 613 288 762 337; x_wconf 87' lang='lat' dir='ltr'><strong>quidem</strong></span> <span class='ocrx_word' id='word_1_26' title='bbox 786 287 899 331; x_wconf 86' lang='lat' dir='ltr'><strong>duos,</strong></span> <span class='ocrx_word' id='word_1_27' title='bbox 937 289 999 337; x_wconf 90' lang='lat' dir='ltr'><strong>qui</strong></span> <span class='ocrx_word' id='word_1_28' title='bbox 1019 294 1181 326; x_wconf 83' lang='lat' dir='ltr'><strong>accurate</strong></span> <span class='ocrx_word' id='word_1_29' title='bbox 1205 287 1269 325; x_wconf 89' lang='lat' dir='ltr'><strong>fibi</strong></span> <span class='ocrx_word' id='word_1_30' title='bbox 1292 294 1536 336; x_wconf 82' lang='lat' dir='ltr'>congruentes</span> <span class='ocrx_word' id='word_1_31' title='bbox 1559 288 1594 324; x_wconf 65' lang='grc' dir='ltr'>ἃ</span> <span class='ocrx_word' id='word_1_32' title='bbox 1615 300 1717 325; x_wconf 75' lang='lat' dir='ltr'><strong>com-</strong></span> 
     </span>
     <span class='ocr_line' id='line_1_4' title="bbox 104 346 1717 401; baseline -0.003 -12"><span class='ocrx_word' id='word_1_33' title='bbox 104 351 232 401; x_wconf 71' lang='lat' dir='ltr'><strong>positi,</strong></span> <span class='ocrx_word' id='word_1_34' title='bbox 267 358 307 389; x_wconf 89' lang='lat' dir='ltr'><strong>ut</strong></span> <span class='ocrx_word' id='word_1_35' title='bbox 331 350 473 389; x_wconf 89' lang='lat' dir='ltr'><strong>nullum</strong></span> <span class='ocrx_word' id='word_1_36' title='bbox 502 349 657 386; x_wconf 71' lang='lat' dir='ltr'><strong>omnino</strong></span> <span class='ocrx_word' id='word_1_37' title='bbox 683 349 878 398; x_wconf 86' lang='lat' dir='ltr'>vaporibus</span> <span class='ocrx_word' id='word_1_38' title='bbox 903 347 1081 396; x_wconf 85' lang='lat' dir='ltr'><strong>effugium</strong></span> <span class='ocrx_word' id='word_1_39' title='bbox 1106 346 1315 396; x_wconf 75' lang='lat' dir='ltr'>superesset,</span> <span class='ocrx_word' id='word_1_40' title='bbox 1350 348 1428 396; x_wconf 85' lang='lat' dir='ltr'>igni</span> <span class='ocrx_word' id='word_1_41' title='bbox 1449 359 1533 384; x_wconf 87' lang='lat' dir='ltr'><strong>curn</strong></span> <span class='ocrx_word' id='word_1_42' title='bbox 1568 359 1657 396; x_wconf 85' lang='lat' dir='ltr'><strong>aqua</strong></span> <span class='ocrx_word' id='word_1_43' title='bbox 1681 349 1717 384; x_wconf 69' lang='lat' dir='ltr'><strong>Sc</strong></span> 
     </span>
     <span class='ocr_line' id='line_1_5' title="bbox 106 406 1717 457; baseline -0.004 -8"><span class='ocrx_word' id='word_1_44' title='bbox 106 410 238 449; x_wconf 84' lang='lat' dir='ltr'><strong>offibus</strong></span> <span class='ocrx_word' id='word_1_45' title='bbox 260 410 440 448; x_wconf 83' lang='lat' dir='ltr'><strong>contentis</strong></span> <span class='ocrx_word' id='word_1_46' title='bbox 464 408 757 457; x_wconf 83' lang='lat' dir='ltr'><strong>imponebantur.</strong></span> <span class='ocrx_word' id='word_1_47' title='bbox 808 406 973 456; x_wconf 89' lang='lat' dir='ltr'><strong>Vapores</strong></span> <span class='ocrx_word' id='word_1_48' title='bbox 1002 418 1091 456; x_wconf 85' lang='lat' dir='ltr'><strong>ergo</strong></span> <span class='ocrx_word' id='word_1_49' title='bbox 1124 418 1224 456; x_wconf 86' lang='lat' dir='ltr'><strong>aquae</strong></span> <span class='ocrx_word' id='word_1_50' title='bbox 1250 407 1293 444; x_wconf 92' lang='lat' dir='ltr'><strong>ab</strong></span> <span class='ocrx_word' id='word_1_51' title='bbox 1322 407 1535 443; x_wconf 87' lang='lat' dir='ltr'>ebullitione</span> <span class='ocrx_word' id='word_1_52' title='bbox 1557 408 1651 449; x_wconf 84' lang='lat' dir='ltr'><strong>nati,</strong></span> <span class='ocrx_word' id='word_1_53' title='bbox 1681 408 1717 443; x_wconf 63' lang='grc' dir='ltr'><strong>ὃς</strong></span> 
     </span>
     <span class='ocr_line' id='line_1_6' title="bbox 106 465 1715 515; baseline -0.003 -8"><span class='ocrx_word' id='word_1_54' title='bbox 106 470 244 508; x_wconf 88' lang='lat' dir='ltr'><strong>summe</strong></span> <span class='ocrx_word' id='word_1_55' title='bbox 271 468 423 510; x_wconf 84' lang='lat' dir='ltr'><strong>elastici,</strong></span> <span class='ocrx_word' id='word_1_56' title='bbox 459 469 583 505; x_wconf 80' lang='lat' dir='ltr'><strong>omnia</strong></span> <span class='ocrx_word' id='word_1_57' title='bbox 605 465 734 504; x_wconf 79' lang='lat' dir='ltr'><strong>ollium</strong></span> <span class='ocrx_word' id='word_1_58' title='bbox 760 466 945 504; x_wconf 87' lang='lat' dir='ltr'><strong>intervalla</strong></span> <span class='ocrx_word' id='word_1_59' title='bbox 973 466 1231 515; x_wconf 79' lang='lat' dir='ltr'>penetrabant,</span> <span class='ocrx_word' id='word_1_60' title='bbox 1268 466 1443 503; x_wconf 82' lang='lat' dir='ltr'><strong>elementa</strong></span> <span class='ocrx_word' id='word_1_61' title='bbox 1469 465 1715 513; x_wconf 76' lang='lat' dir='ltr'><strong>disjiciebant‚</strong></span> 
     </span>
     <span class='ocr_line' id='line_1_7' title="bbox 106 524 1720 578; baseline -0.002 -12"><span class='ocrx_word' id='word_1_62' title='bbox 106 530 232 578; x_wconf 87' lang='lat' dir='ltr'><strong>gluten</strong></span> <span class='ocrx_word' id='word_1_63' title='bbox 259 527 493 564; x_wconf 73' lang='lat' dir='ltr'><strong>extrahebant</strong></span> <span class='ocrx_word' id='word_1_64' title='bbox 528 527 564 563; x_wconf 66' lang='grc' dir='ltr'><strong>δι</strong></span> <span class='ocrx_word' id='word_1_65' title='bbox 598 525 846 569; x_wconf 85' lang='lat' dir='ltr'><strong>resolvebant,</strong></span> <span class='ocrx_word' id='word_1_66' title='bbox 881 534 1056 575; x_wconf 85' lang='lat' dir='ltr'><strong>terraeque</strong></span> <span class='ocrx_word' id='word_1_67' title='bbox 1089 524 1147 563; x_wconf 89' lang='lat' dir='ltr'><strong>sua</strong></span> <span class='ocrx_word' id='word_1_68' title='bbox 1184 525 1327 563; x_wconf 87' lang='lat' dir='ltr'><strong>vincula</strong></span> <span class='ocrx_word' id='word_1_69' title='bbox 1356 524 1616 563; x_wconf 76' lang='lat' dir='ltr'><strong>subtrahebant.</strong></span> <span class='ocrx_word' id='word_1_70' title='bbox 1666 524 1720 563; x_wconf 84' lang='lat' dir='ltr'><strong>lta</strong></span> 
     </span>
     <span class='ocr_line' id='line_1_8' title="bbox 106 583 1722 635; baseline -0.002 -10"><span class='ocrx_word' id='word_1_71' title='bbox 106 587 277 635; x_wconf 82' lang='lat' dir='ltr'><strong>cartilago</strong></span> <span class='ocrx_word' id='word_1_72' title='bbox 301 598 394 635; x_wconf 91' lang='lat' dir='ltr'><strong>pene</strong></span> <span class='ocrx_word' id='word_1_73' title='bbox 420 592 496 623; x_wconf 85' lang='lat' dir='ltr'><strong>tota</strong></span> <span class='ocrx_word' id='word_1_74' title='bbox 521 587 558 622; x_wconf 90' lang='lat' dir='ltr'><strong>in</strong></span> <span class='ocrx_word' id='word_1_75' title='bbox 585 585 779 634; x_wconf 60' lang='lat' dir='ltr'><strong>gelam-iam</strong></span> <span class='ocrx_word' id='word_1_76' title='bbox 807 586 925 623; x_wconf 85' lang='lat' dir='ltr'><strong>abibat</strong></span> <span class='ocrx_word' id='word_1_77' title='bbox 941 586 960 632; x_wconf 86' lang='lat'><strong>(</strong></span> <span class='ocrx_word' id='word_1_78' title='bbox 971 586 1057 633; x_wconf 84' lang='lat' dir='ltr'><strong>p),</strong></span> <span class='ocrx_word' id='word_1_79' title='bbox 1093 584 1139 622; x_wconf 90' lang='lat' dir='ltr'><strong>de</strong></span> <span class='ocrx_word' id='word_1_80' title='bbox 1157 583 1229 622; x_wconf 86' lang='lat' dir='ltr'><strong>osse</strong></span> <span class='ocrx_word' id='word_1_81' title='bbox 1255 592 1376 622; x_wconf 86' lang='lat' dir='ltr'><strong>autem</strong></span> <span class='ocrx_word' id='word_1_82' title='bbox 1403 584 1557 633; x_wconf 85' lang='lat' dir='ltr'><strong>gelatina</strong></span> <span class='ocrx_word' id='word_1_83' title='bbox 1579 584 1722 622; x_wconf 84' lang='lat' dir='ltr'><strong>secede-</strong></span> 
     </span>
     <span class='ocr_line' id='line_1_9' title="bbox 105 642 1721 694; baseline -0.001 -10"><span class='ocrx_word' id='word_1_84' title='bbox 105 647 188 689; x_wconf 82' lang='lat' dir='ltr'><strong>bat,</strong></span> <span class='ocrx_word' id='word_1_85' title='bbox 224 647 326 694; x_wconf 87' lang='lat' dir='ltr'><strong>cujus</strong></span> <span class='ocrx_word' id='word_1_86' title='bbox 359 652 456 683; x_wconf 85' lang='lat' dir='ltr'><strong>tanta</strong></span> <span class='ocrx_word' id='word_1_87' title='bbox 487 645 662 683; x_wconf 84' lang='lat' dir='ltr'><strong>visciditas</strong></span> <span class='ocrx_word' id='word_1_88' title='bbox 690 645 764 688; x_wconf 89' lang='lat' dir='ltr'><strong>est,</strong></span> <span class='ocrx_word' id='word_1_89' title='bbox 800 652 840 683; x_wconf 90' lang='lat' dir='ltr'><strong>ut</strong></span> <span class='ocrx_word' id='word_1_90' title='bbox 867 657 967 694; x_wconf 83' lang='lat' dir='ltr'><strong>aquae</strong></span> <span class='ocrx_word' id='word_1_91' title='bbox 995 646 1207 693; x_wconf 84' lang='lat' dir='ltr'><strong>portionem</strong></span> <span class='ocrx_word' id='word_1_92' title='bbox 1230 644 1456 694; x_wconf 87' lang='lat' dir='ltr'><strong>sedecuplam</strong></span> <span class='ocrx_word' id='word_1_93' title='bbox 1480 642 1660 693; x_wconf 77' lang='lat' dir='ltr'><strong>inspisset,</strong></span> <span class='ocrx_word' id='word_1_94' title='bbox 1694 642 1721 682; x_wconf 87' lang='lat' dir='ltr'><strong>fi</strong></span> 
     </span>
     <span class='ocr_line' id='line_1_10' title="bbox 105 702 1716 754; baseline -0.002 -11"><span class='ocrx_word' id='word_1_95' title='bbox 105 716 151 743; x_wconf 80' lang='lat' dir='ltr'><strong>ex</strong></span> <span class='ocrx_word' id='word_1_96' title='bbox 173 718 288 743; x_wconf 83' lang='lat' dir='ltr'><strong>cornu</strong></span> <span class='ocrx_word' id='word_1_97' title='bbox 305 706 401 742; x_wconf 88' lang='lat' dir='ltr'><strong>cervi</strong></span> <span class='ocrx_word' id='word_1_98' title='bbox 425 712 506 741; x_wconf 82' lang='lat' dir='ltr'><strong>nata</strong></span> <span class='ocrx_word' id='word_1_99' title='bbox 523 704 631 743; x_wconf 85' lang='lat' dir='ltr'><strong>fuerit</strong></span> <span class='ocrx_word' id='word_1_100' title='bbox 656 705 750 752; x_wconf 76' lang='lat' dir='ltr'><em>(q),</em></span> <span class='ocrx_word' id='word_1_101' title='bbox 781 705 816 742; x_wconf 69' lang='grc' dir='ltr'><strong>δι</strong></span> <span class='ocrx_word' id='word_1_102' title='bbox 841 702 1124 754; x_wconf 87' lang='lat' dir='ltr'><strong>quindecuplam</strong></span> <span class='ocrx_word' id='word_1_103' title='bbox 1151 704 1246 752; x_wconf 81' lang='grc' dir='ltr'><strong>(ν),</strong></span> <span class='ocrx_word' id='word_1_104' title='bbox 1271 716 1350 754; x_wconf 82' lang='lat' dir='ltr'><strong>quae</strong></span> <span class='ocrx_word' id='word_1_105' title='bbox 1373 715 1417 740; x_wconf 82' lang='lat' dir='ltr'><strong>ex</strong></span> <span class='ocrx_word' id='word_1_106' title='bbox 1434 704 1545 741; x_wconf 89' lang='lat' dir='ltr'><strong>ebore</strong></span> <span class='ocrx_word' id='word_1_107' title='bbox 1564 710 1716 753; x_wconf 87' lang='lat' dir='ltr'><strong>paratur.</strong></span> 
     </span>
     <span class='ocr_line' id='line_1_11' title="bbox 105 762 1722 813; baseline -0.001 -11"><span class='ocrx_word' id='word_1_108' title='bbox 105 765 150 803; x_wconf 89' lang='lat' dir='ltr'><strong>In</strong></span> <span class='ocrx_word' id='word_1_109' title='bbox 173 765 248 803; x_wconf 85' lang='lat' dir='ltr'><strong>fetu</strong></span> <span class='ocrx_word' id='word_1_110' title='bbox 284 764 370 802; x_wconf 86' lang='lat' dir='ltr'><strong>duas</strong></span> <span class='ocrx_word' id='word_1_111' title='bbox 395 766 515 801; x_wconf 86' lang='lat' dir='ltr'><strong>tertias</strong></span> <span class='ocrx_word' id='word_1_112' title='bbox 541 771 657 813; x_wconf 88' lang='lat' dir='ltr'><strong>partes</strong></span> <span class='ocrx_word' id='word_1_113' title='bbox 690 763 770 801; x_wconf 79' lang='lat' dir='ltr'><strong>oss&#39;is</strong></span> <span class='ocrx_word' id='word_1_114' title='bbox 802 764 929 813; x_wconf 84' lang='lat' dir='ltr'><strong>gluten</strong></span> <span class='ocrx_word' id='word_1_115' title='bbox 967 762 1075 801; x_wconf 87' lang='lat' dir='ltr'><strong>efficit</strong></span> <span class='ocrx_word' id='word_1_116' title='bbox 1102 763 1180 811; x_wconf 86' lang='lat' dir='ltr'><strong>(s)</strong></span> <span class='ocrx_word' id='word_1_117' title='bbox 1201 792 1210 805; x_wconf 91' lang='lat'><em>‚</em></span> <span class='ocrx_word' id='word_1_118' title='bbox 1246 765 1285 800; x_wconf 91' lang='lat' dir='ltr'><strong>in</strong></span> <span class='ocrx_word' id='word_1_119' title='bbox 1310 763 1434 800; x_wconf 87' lang='lat' dir='ltr'><strong>adulto</strong></span> <span class='ocrx_word' id='word_1_120' title='bbox 1460 763 1612 801; x_wconf 89' lang='lat' dir='ltr'><strong>homine</strong></span> <span class='ocrx_word' id='word_1_121' title='bbox 1628 791 1637 805; x_wconf 89' lang='lat'>‚</span> <span class='ocrx_word' id='word_1_122' title='bbox 1674 774 1722 800; x_wconf 75' lang='lat' dir='ltr'><strong>ex</strong></span> 
     </span>
     <span class='ocr_line' id='line_1_12' title="bbox 106 822 1721 870; baseline -0.002 -7"><span class='ocrx_word' id='word_1_123' title='bbox 106 824 140 863; x_wconf 87' lang='lat' dir='ltr'>K</span> <span class='ocrx_word' id='word_1_124' title='bbox 155 837 172 861; x_wconf 76' lang='grc' dir='ltr'>ε</span> <span class='ocrx_word' id='word_1_125' title='bbox 187 837 199 860; x_wconf 94' lang='lat'>1</span> <span class='ocrx_word' id='word_1_126' title='bbox 215 837 235 861; x_wconf 87' lang='lat' dir='ltr'>L</span> <span class='ocrx_word' id='word_1_127' title='bbox 251 836 262 860; x_wconf 93' lang='lat'>1</span> <span class='ocrx_word' id='word_1_128' title='bbox 279 837 291 861; x_wconf 85' lang='lat'>1</span> <span class='ocrx_word' id='word_1_129' title='bbox 319 824 479 866; x_wconf 74' lang='lat' dir='ltr'><strong>calculo,</strong></span> <span class='ocrx_word' id='word_1_130' title='bbox 503 823 691 861; x_wconf 82' lang='lat' dir='ltr'><strong>dimidiam</strong></span> <span class='ocrx_word' id='word_1_131' title='bbox 712 824 729 870; x_wconf 81' lang='grc'>&lt;</span> <span class='ocrx_word' id='word_1_132' title='bbox 741 823 783 869; x_wconf 82' lang='lat' dir='ltr'><strong>t&gt;</strong></span> <span class='ocrx_word' id='word_1_133' title='bbox 797 851 806 865; x_wconf 91' lang='lat'><em>,</em></span> <span class='ocrx_word' id='word_1_134' title='bbox 842 825 880 860; x_wconf 91' lang='lat' dir='ltr'><strong>in</strong></span> <span class='ocrx_word' id='word_1_135' title='bbox 898 823 997 860; x_wconf 88' lang='lat' dir='ltr'><strong>senio</strong></span> <span class='ocrx_word' id='word_1_136' title='bbox 1019 825 1211 860; x_wconf 81' lang='lat' dir='ltr'><strong>minorem.</strong></span> <span class='ocrx_word' id='word_1_137' title='bbox 1247 822 1317 860; x_wconf 86' lang='lat' dir='ltr'><strong>Sed</strong></span> <span class='ocrx_word' id='word_1_138' title='bbox 1337 824 1492 860; x_wconf 89' lang='lat' dir='ltr'><strong>omnino</strong></span> <span class='ocrx_word' id='word_1_139' title='bbox 1508 830 1721 860; x_wconf 87' lang='lat' dir='ltr'><strong>tenerorum</strong></span> 
     </span>
     <span class='ocr_line' id='line_1_13' title="bbox 106 878 1722 933; baseline -0.002 -12"><span class='ocrx_word' id='word_1_140' title='bbox 106 884 247 921; x_wconf 85' lang='lat' dir='ltr'><strong>fetuum</strong></span> <span class='ocrx_word' id='word_1_141' title='bbox 273 878 344 920; x_wconf 79' lang='lat' dir='ltr'><strong>ossa</strong></span> <span class='ocrx_word' id='word_1_142' title='bbox 370 895 512 920; x_wconf 85' lang='lat' dir='ltr'><strong>merum</strong></span> <span class='ocrx_word' id='word_1_143' title='bbox 529 883 609 921; x_wconf 87' lang='lat' dir='ltr'><strong>sunt</strong></span> <span class='ocrx_word' id='word_1_144' title='bbox 636 883 784 931; x_wconf 85' lang='lat' dir='ltr'><strong>gluten,</strong></span> <span class='ocrx_word' id='word_1_145' title='bbox 810 881 955 933; x_wconf 57' lang='lat' dir='ltr'><strong>fluidiug</strong></span> <span class='ocrx_word' id='word_1_146' title='bbox 980 884 1121 932; x_wconf 87' lang='lat' dir='ltr'><strong>primo,</strong></span> <span class='ocrx_word' id='word_1_147' title='bbox 1157 882 1242 919; x_wconf 89' lang='lat' dir='ltr'><strong>inde</strong></span> <span class='ocrx_word' id='word_1_148' title='bbox 1265 881 1367 920; x_wconf 79' lang='lat' dir='ltr'><strong>collae</strong></span> <span class='ocrx_word' id='word_1_149' title='bbox 1393 880 1530 924; x_wconf 86' lang='lat' dir='ltr'><strong>fimile,</strong></span> <span class='ocrx_word' id='word_1_150' title='bbox 1563 881 1667 930; x_wconf 86' lang='lat' dir='ltr'><strong>quale</strong></span> <span class='ocrx_word' id='word_1_151' title='bbox 1683 883 1722 918; x_wconf 86' lang='lat' dir='ltr'><strong>in</strong></span> 
     </span>
     <span class='ocr_line' id='line_1_14' title="bbox 107 940 1717 992; baseline -0.002 -12"><span class='ocrx_word' id='word_1_152' title='bbox 107 943 214 992; x_wconf 84' lang='lat' dir='ltr'><strong>pullis</strong></span> <span class='ocrx_word' id='word_1_153' title='bbox 231 943 406 980; x_wconf 86' lang='lat' dir='ltr'><strong>incubatis</strong></span> <span class='ocrx_word' id='word_1_154' title='bbox 421 942 510 992; x_wconf 78' lang='lat' dir='ltr'><strong>saepe</strong></span> <span class='ocrx_word' id='word_1_155' title='bbox 527 943 624 985; x_wconf 81' lang='lat' dir='ltr'><strong>vidi,</strong></span> <span class='ocrx_word' id='word_1_156' title='bbox 647 942 683 979; x_wconf 84' lang='lat'>&amp;</span> <span class='ocrx_word' id='word_1_157' title='bbox 699 941 878 991; x_wconf 77' lang='lat' dir='ltr'><strong>descripsit</strong></span> <span class='ocrx_word' id='word_1_158' title='bbox 895 941 947 980; x_wconf 88' lang='lat' dir='ltr'><strong>Cl.</strong></span> <span class='ocrx_word' id='word_1_159' title='bbox 969 943 1022 978; x_wconf 89' lang='lat' dir='ltr'><strong>vir</strong></span> <span class='ocrx_word' id='word_1_160' title='bbox 1035 941 1208 990; x_wconf 74' lang='lat' dir='ltr'><strong>Josephm</strong></span> <span class='ocrx_word' id='word_1_161' title='bbox 1224 940 1418 989; x_wconf 60' lang='lat' dir='ltr'><strong>Exzzperim</strong></span> <span class='ocrx_word' id='word_1_162' title='bbox 1432 940 1458 978; x_wconf 94' lang='lat' dir='ltr'>B</span> <span class='ocrx_word' id='word_1_163' title='bbox 1473 953 1492 978; x_wconf 79' lang='lat' dir='ltr'>E</span> <span class='ocrx_word' id='word_1_164' title='bbox 1505 954 1526 978; x_wconf 72' lang='lat' dir='ltr'><strong>a</strong></span> <span class='ocrx_word' id='word_1_165' title='bbox 1541 953 1565 976; x_wconf 89' lang='lat' dir='ltr'>T</span> <span class='ocrx_word' id='word_1_166' title='bbox 1580 953 1592 977; x_wconf 95' lang='lat'>1</span> <span class='ocrx_word' id='word_1_167' title='bbox 1606 952 1632 977; x_wconf 83' lang='lat' dir='ltr'>N</span> <span class='ocrx_word' id='word_1_168' title='bbox 1649 942 1717 987; x_wconf 81' lang='lat' dir='ltr'><strong>(u).</strong></span> 
     </span>
     <span class='ocr_line' id='line_1_15' title="bbox 107 999 1723 1050; baseline -0.001 -12"><span class='ocrx_word' id='word_1_169' title='bbox 107 1002 230 1039; x_wconf 89' lang='lat' dir='ltr'><strong>Tener</strong></span> <span class='ocrx_word' id='word_1_170' title='bbox 254 1002 416 1050; x_wconf 86' lang='lat' dir='ltr'><strong>agnellus</strong></span> <span class='ocrx_word' id='word_1_171' title='bbox 445 1002 567 1040; x_wconf 65' lang='lat' dir='ltr'><strong>costus</strong></span> <span class='ocrx_word' id='word_1_172' title='bbox 595 1002 668 1038; x_wconf 85' lang='lat' dir='ltr'><strong>leni</strong></span> <span class='ocrx_word' id='word_1_173' title='bbox 695 1001 813 1038; x_wconf 90' lang='lat' dir='ltr'><strong>calore</strong></span> <span class='ocrx_word' id='word_1_174' title='bbox 840 1008 939 1039; x_wconf 87' lang='lat' dir='ltr'><strong>totus</strong></span> <span class='ocrx_word' id='word_1_175' title='bbox 959 1013 1044 1039; x_wconf 84' lang='lat' dir='ltr'><strong>cum</strong></span> <span class='ocrx_word' id='word_1_176' title='bbox 1071 999 1203 1039; x_wconf 86' lang='lat' dir='ltr'><strong>offibus</strong></span> <span class='ocrx_word' id='word_1_177' title='bbox 1227 1002 1264 1038; x_wconf 86' lang='lat' dir='ltr'><strong>in</strong></span> <span class='ocrx_word' id='word_1_178' title='bbox 1292 1013 1430 1037; x_wconf 87' lang='lat' dir='ltr'><strong>meram</strong></span> <span class='ocrx_word' id='word_1_179' title='bbox 1461 999 1723 1048; x_wconf 84' lang='lat' dir='ltr'><strong>mucilaginem</strong></span> 
     </span>
     <span class='ocr_line' id='line_1_16' title="bbox 109 1059 1725 1108; baseline -0.001 -10"><span class='ocrx_word' id='word_1_180' title='bbox 109 1060 297 1099; x_wconf 87' lang='lat' dir='ltr'><strong>dissolutus</strong></span> <span class='ocrx_word' id='word_1_181' title='bbox 322 1061 370 1098; x_wconf 90' lang='lat' dir='ltr'><strong>est</strong></span> <span class='ocrx_word' id='word_1_182' title='bbox 397 1062 485 1108; x_wconf 84' lang='lat' dir='ltr'><em>(x).</em></span> <span class='ocrx_word' id='word_1_183' title='bbox 530 1060 693 1107; x_wconf 78' lang='lat' dir='ltr'><strong>Quando</strong></span> <span class='ocrx_word' id='word_1_184' title='bbox 720 1059 794 1097; x_wconf 87' lang='lat' dir='ltr'><strong>hoc</strong></span> <span class='ocrx_word' id='word_1_185' title='bbox 819 1060 947 1108; x_wconf 85' lang='lat' dir='ltr'><strong>gluten</strong></span> <span class='ocrx_word' id='word_1_186' title='bbox 969 1060 1166 1097; x_wconf 66' lang='lat' dir='ltr'><strong>extradtum</strong></span> <span class='ocrx_word' id='word_1_187' title='bbox 1192 1060 1265 1103; x_wconf 85' lang='lat' dir='ltr'><strong>est,</strong></span> <span class='ocrx_word' id='word_1_188' title='bbox 1303 1072 1365 1102; x_wconf 87' lang='lat' dir='ltr'><strong>os,</strong></span> <span class='ocrx_word' id='word_1_189' title='bbox 1399 1066 1459 1097; x_wconf 88' lang='lat' dir='ltr'><strong>aut</strong></span> <span class='ocrx_word' id='word_1_190' title='bbox 1484 1071 1600 1097; x_wconf 82' lang='lat' dir='ltr'><strong>cornu</strong></span> <span class='ocrx_word' id='word_1_191' title='bbox 1619 1087 1628 1102; x_wconf 90' lang='lat'><strong>,</strong></span> <span class='ocrx_word' id='word_1_192' title='bbox 1660 1066 1725 1096; x_wconf 81' lang='lat' dir='ltr'><strong>aut</strong></span> 
     </span>
     <span class='ocr_line' id='line_1_17' title="bbox 110 1118 1723 1168; baseline -0.002 -10"><span class='ocrx_word' id='word_1_193' title='bbox 110 1122 198 1158; x_wconf 89' lang='lat' dir='ltr'><strong>ebur</strong></span> <span class='ocrx_word' id='word_1_194' title='bbox 225 1122 298 1158; x_wconf 78' lang='lat' dir='ltr'><strong>aeri</strong></span> <span class='ocrx_word' id='word_1_195' title='bbox 320 1120 503 1157; x_wconf 81' lang='lat' dir='ltr'><strong>redditum</strong></span> <span class='ocrx_word' id='word_1_196' title='bbox 530 1120 666 1157; x_wconf 83' lang='lat' dir='ltr'><strong>friabile</strong></span> <span class='ocrx_word' id='word_1_197' title='bbox 693 1131 792 1157; x_wconf 86' lang='lat' dir='ltr'><strong>nunc</strong></span> <span class='ocrx_word' id='word_1_198' title='bbox 820 1120 889 1162; x_wconf 85' lang='lat' dir='ltr'><strong>est,</strong></span> <span class='ocrx_word' id='word_1_199' title='bbox 927 1120 963 1156; x_wconf 70' lang='grc' dir='ltr'><strong>δι</strong></span> <span class='ocrx_word' id='word_1_200' title='bbox 986 1120 1104 1168; x_wconf 85' lang='lat' dir='ltr'><strong>digito</strong></span> <span class='ocrx_word' id='word_1_201' title='bbox 1131 1119 1226 1156; x_wconf 87' lang='lat' dir='ltr'><strong>cedit</strong></span> <span class='ocrx_word' id='word_1_202' title='bbox 1247 1119 1345 1165; x_wconf 73' lang='lat' dir='ltr'><em>(y),</em></span> <span class='ocrx_word' id='word_1_203' title='bbox 1375 1118 1435 1156; x_wconf 83' lang='lat' dir='ltr'><strong>etsi</strong></span> <span class='ocrx_word' id='word_1_204' title='bbox 1454 1118 1594 1156; x_wconf 69' lang='lat' dir='ltr'><strong>laminae</strong></span> <span class='ocrx_word' id='word_1_205' title='bbox 1614 1118 1723 1156; x_wconf 89' lang='lat' dir='ltr'><strong>fitum</strong></span> 
     </span>
     <span class='ocr_line' id='line_1_18' title="bbox 108 1177 1723 1228; baseline -0.001 -11"><span class='ocrx_word' id='word_1_206' title='bbox 108 1179 212 1217; x_wconf 88' lang='lat' dir='ltr'><strong>suum</strong></span> <span class='ocrx_word' id='word_1_207' title='bbox 238 1179 458 1217; x_wconf 85' lang='lat' dir='ltr'><strong>conservant.</strong></span> <span class='ocrx_word' id='word_1_208' title='bbox 511 1178 697 1227; x_wconf 85' lang='lat' dir='ltr'><strong>Ejusmodi</strong></span> <span class='ocrx_word' id='word_1_209' title='bbox 719 1177 790 1215; x_wconf 82' lang='lat' dir='ltr'><strong>offa</strong></span> <span class='ocrx_word' id='word_1_210' title='bbox 813 1186 892 1227; x_wconf 87' lang='lat' dir='ltr'><strong>apta</strong></span> <span class='ocrx_word' id='word_1_211' title='bbox 920 1178 1001 1216; x_wconf 88' lang='lat' dir='ltr'><strong>sunt</strong></span> <span class='ocrx_word' id='word_1_212' title='bbox 1028 1179 1123 1216; x_wconf 88' lang='lat' dir='ltr'><strong>testis</strong></span> <span class='ocrx_word' id='word_1_213' title='bbox 1152 1177 1390 1216; x_wconf 86' lang='lat' dir='ltr'><strong>docimasticis</strong></span> <span class='ocrx_word' id='word_1_214' title='bbox 1416 1177 1604 1228; x_wconf 81' lang='lat' dir='ltr'><strong>parandis,</strong></span> <span class='ocrx_word' id='word_1_215' title='bbox 1643 1189 1723 1226; x_wconf 85' lang='lat' dir='ltr'><strong>quae</strong></span> 
     </span>
     <span class='ocr_line' id='line_1_19' title="bbox 108 1237 1075 1287; baseline -0.002 -11"><span class='ocrx_word' id='word_1_216' title='bbox 108 1250 278 1287; x_wconf 86' lang='lat' dir='ltr'><strong>magnam</strong></span> <span class='ocrx_word' id='word_1_217' title='bbox 302 1240 378 1275; x_wconf 85' lang='lat' dir='ltr'><strong>vim</strong></span> <span class='ocrx_word' id='word_1_218' title='bbox 401 1239 496 1286; x_wconf 88' lang='lat' dir='ltr'><strong>ignis</strong></span> <span class='ocrx_word' id='word_1_219' title='bbox 521 1237 652 1287; x_wconf 84' lang='lat' dir='ltr'><strong>absque</strong></span> <span class='ocrx_word' id='word_1_220' title='bbox 676 1238 775 1274; x_wconf 82' lang='lat' dir='ltr'><strong>rimis</strong></span> <span class='ocrx_word' id='word_1_221' title='bbox 796 1237 966 1275; x_wconf 85' lang='lat' dir='ltr'><strong>sustinent</strong></span> <span class='ocrx_word' id='word_1_222' title='bbox 993 1238 1075 1284; x_wconf 77' lang='lat' dir='ltr'><em>(z).</em></span> 
     </span>
    </p>

    <p class='ocr_par' dir='ltr' id='par_1_3' title="bbox 82 1295 1754 1640">
     <span class='ocr_line' id='line_1_20' title="bbox 168 1295 1720 1346; baseline -0.001 -11"><span class='ocrx_word' id='word_1_223' title='bbox 168 1297 251 1336; x_wconf 86' lang='lat' dir='ltr'><strong>Alio</strong></span> <span class='ocrx_word' id='word_1_224' title='bbox 268 1297 384 1335; x_wconf 93' lang='lat' dir='ltr'><strong>modo</strong></span> <span class='ocrx_word' id='word_1_225' title='bbox 407 1297 504 1334; x_wconf 89' lang='lat' dir='ltr'><strong>idem</strong></span> <span class='ocrx_word' id='word_1_226' title='bbox 529 1310 573 1335; x_wconf 87' lang='lat' dir='ltr'><strong>ex</strong></span> <span class='ocrx_word' id='word_1_227' title='bbox 599 1296 730 1334; x_wconf 83' lang='lat' dir='ltr'><strong>offibus</strong></span> <span class='ocrx_word' id='word_1_228' title='bbox 746 1297 873 1345; x_wconf 81' lang='lat' dir='ltr'><strong>gluten</strong></span> <span class='ocrx_word' id='word_1_229' title='bbox 898 1297 1003 1335; x_wconf 88' lang='lat' dir='ltr'><strong>educi</strong></span> <span class='ocrx_word' id='word_1_230' title='bbox 1030 1296 1167 1346; x_wconf 88' lang='lat' dir='ltr'><strong>potest,</strong></span> <span class='ocrx_word' id='word_1_231' title='bbox 1196 1296 1363 1335; x_wconf 61' lang='lat' dir='ltr'><strong>coctione</strong></span> <span class='ocrx_word' id='word_1_232' title='bbox 1378 1309 1511 1345; x_wconf 87' lang='lat' dir='ltr'><strong>nempe</strong></span> <span class='ocrx_word' id='word_1_233' title='bbox 1535 1296 1598 1333; x_wconf 82' lang='lat' dir='ltr'><strong>rasi</strong></span> <span class='ocrx_word' id='word_1_234' title='bbox 1619 1295 1720 1339; x_wconf 85' lang='lat' dir='ltr'><strong>offis,</strong></span> 
     </span>
     <span class='ocr_line' id='line_1_21' title="bbox 110 1355 1722 1408; baseline -0.001 -14"><span class='ocrx_word' id='word_1_235' title='bbox 110 1356 260 1408; x_wconf 90' lang='lat' dir='ltr'><strong>perinde</strong></span> <span class='ocrx_word' id='word_1_236' title='bbox 281 1359 378 1394; x_wconf 88' lang='lat' dir='ltr'><strong>enim</strong></span> <span class='ocrx_word' id='word_1_237' title='bbox 397 1356 543 1394; x_wconf 70' lang='lat' dir='ltr'><strong>deco&amp;a</strong></span> <span class='ocrx_word' id='word_1_238' title='bbox 565 1369 655 1406; x_wconf 91' lang='lat' dir='ltr'><strong>aqua</strong></span> <span class='ocrx_word' id='word_1_239' title='bbox 684 1357 722 1392; x_wconf 89' lang='lat' dir='ltr'><strong>in</strong></span> <span class='ocrx_word' id='word_1_240' title='bbox 747 1356 941 1404; x_wconf 83' lang='lat' dir='ltr'><strong>gelatinarn</strong></span> <span class='ocrx_word' id='word_1_241' title='bbox 966 1357 1060 1399; x_wconf 86' lang='lat' dir='ltr'><strong>abit,</strong></span> <span class='ocrx_word' id='word_1_242' title='bbox 1095 1358 1239 1405; x_wconf 88' lang='lat' dir='ltr'><strong>gummi</strong></span> <span class='ocrx_word' id='word_1_243' title='bbox 1264 1355 1415 1394; x_wconf 75' lang='lat' dir='ltr'><strong>similem</strong></span> <span class='ocrx_word' id='word_1_244' title='bbox 1433 1356 1722 1405; x_wconf 78' lang='lat' dir='ltr'><strong>tremulamque,</strong></span> 
     </span>
     <span class='ocr_line' id='line_1_22' title="bbox 109 1415 1754 1465; baseline 0.001 -11"><span class='ocrx_word' id='word_1_245' title='bbox 109 1416 188 1454; x_wconf 84' lang='lat' dir='ltr'><strong>satis</strong></span> <span class='ocrx_word' id='word_1_246' title='bbox 217 1415 373 1453; x_wconf 89' lang='lat' dir='ltr'><strong>adfinem</strong></span> <span class='ocrx_word' id='word_1_247' title='bbox 401 1415 666 1454; x_wconf 84' lang='lat' dir='ltr'><strong>scriniariorum</strong></span> <span class='ocrx_word' id='word_1_248' title='bbox 691 1415 852 1464; x_wconf 87' lang='lat' dir='ltr'><strong>glutini,</strong></span> <span class='ocrx_word' id='word_1_249' title='bbox 889 1416 989 1465; x_wconf 92' lang='lat' dir='ltr'><strong>quod</strong></span> <span class='ocrx_word' id='word_1_250' title='bbox 1020 1416 1193 1465; x_wconf 83' lang='lat' dir='ltr'><strong>&amp;ipsum</strong></span> <span class='ocrx_word' id='word_1_251' title='bbox 1217 1427 1263 1453; x_wconf 85' lang='lat' dir='ltr'><strong>ex</strong></span> <span class='ocrx_word' id='word_1_252' title='bbox 1285 1416 1547 1464; x_wconf 86' lang='lat' dir='ltr'><strong>resegminibus</strong></span> <span class='ocrx_word' id='word_1_253' title='bbox 1573 1415 1725 1464; x_wconf 88' lang='lat' dir='ltr'><strong>pellium</strong></span> <span class='ocrx_word' id='word_1_254' title='bbox 1752 1452 1754 1455; x_wconf 92' lang='lat'>.</span> 
     </span>
     <span class='ocr_line' id='line_1_23' title="bbox 111 1474 1724 1524; baseline -0.001 -12"><span class='ocrx_word' id='word_1_255' title='bbox 111 1475 338 1518; x_wconf 84' lang='lat' dir='ltr'><strong>animalium,</strong></span> <span class='ocrx_word' id='word_1_256' title='bbox 375 1476 411 1512; x_wconf 71' lang='grc' dir='ltr'><strong>δι</strong></span> <span class='ocrx_word' id='word_1_257' title='bbox 432 1475 640 1513; x_wconf 86' lang='lat' dir='ltr'><strong>tendinibus</strong></span> <span class='ocrx_word' id='word_1_258' title='bbox 660 1503 670 1517; x_wconf 85' lang='lat'>‚</span> <span class='ocrx_word' id='word_1_259' title='bbox 709 1476 745 1511; x_wconf 68' lang='lat' dir='ltr'><strong>Sc</strong></span> <span class='ocrx_word' id='word_1_260' title='bbox 773 1474 1039 1523; x_wconf 82' lang='lat' dir='ltr'><strong>cartilaginibus</strong></span> <span class='ocrx_word' id='word_1_261' title='bbox 1061 1477 1279 1524; x_wconf 84' lang='lat' dir='ltr'><strong>excoquitur</strong></span> <span class='ocrx_word' id='word_1_262' title='bbox 1307 1476 1407 1522; x_wconf 83' lang='lat' dir='ltr'><strong>(a):</strong></span> <span class='ocrx_word' id='word_1_263' title='bbox 1444 1487 1493 1513; x_wconf 82' lang='lat' dir='ltr'><strong>eae</strong></span> <span class='ocrx_word' id='word_1_264' title='bbox 1520 1477 1618 1512; x_wconf 89' lang='lat' dir='ltr'><strong>enim</strong></span> <span class='ocrx_word' id='word_1_265' title='bbox 1644 1486 1724 1512; x_wconf 83' lang='lat' dir='ltr'><strong>cor-</strong></span> 
     </span>
     <span class='ocr_line' id='line_1_24' title="bbox 82 1532 1724 1584; baseline 0 -13"><span class='ocrx_word' id='word_1_266' title='bbox 82 1552 91 1560; x_wconf 92' lang='lat'><strong>·</strong></span> <span class='ocrx_word' id='word_1_267' title='bbox 112 1536 211 1584; x_wconf 88' lang='lat' dir='ltr'><strong>poris</strong></span> <span class='ocrx_word' id='word_1_268' title='bbox 231 1541 348 1582; x_wconf 86' lang='lat' dir='ltr'><strong>partes</strong></span> <span class='ocrx_word' id='word_1_269' title='bbox 365 1534 525 1570; x_wconf 84' lang='lat' dir='ltr'><strong>animalis</strong></span> <span class='ocrx_word' id='word_1_270' title='bbox 540 1535 575 1570; x_wconf 86' lang='lat'>&amp;</span> <span class='ocrx_word' id='word_1_271' title='bbox 592 1532 816 1581; x_wconf 78' lang='lat' dir='ltr'><strong>tenaciffirnae</strong></span> <span class='ocrx_word' id='word_1_272' title='bbox 831 1533 910 1570; x_wconf 87' lang='lat' dir='ltr'><strong>sunt</strong></span> <span class='ocrx_word' id='word_1_273' title='bbox 922 1561 930 1575; x_wconf 93' lang='lat'>‚</span> <span class='ocrx_word' id='word_1_274' title='bbox 963 1535 1000 1570; x_wconf 87' lang='lat'>&amp;</span> <span class='ocrx_word' id='word_1_275' title='bbox 1023 1534 1165 1582; x_wconf 87' lang='lat' dir='ltr'><strong>glutine</strong></span> <span class='ocrx_word' id='word_1_276' title='bbox 1181 1533 1364 1570; x_wconf 79' lang='lat' dir='ltr'><strong>ditissimae.</strong></span> <span class='ocrx_word' id='word_1_277' title='bbox 1399 1533 1452 1571; x_wconf 87' lang='lat' dir='ltr'><strong>Ita</strong></span> <span class='ocrx_word' id='word_1_278' title='bbox 1468 1533 1594 1571; x_wconf 85' lang='lat' dir='ltr'><strong>sensim</strong></span> <span class='ocrx_word' id='word_1_279' title='bbox 1612 1545 1724 1572; x_wconf 84' lang='lat' dir='ltr'><strong>omne</strong></span> 
     </span>
     <span class='ocr_line' id='line_1_25' title="bbox 113 1590 1348 1640; baseline -0.002 -10"><span class='ocrx_word' id='word_1_280' title='bbox 113 1593 240 1640; x_wconf 89' lang='lat' dir='ltr'><strong>gluten</strong></span> <span class='ocrx_word' id='word_1_281' title='bbox 269 1592 406 1628; x_wconf 86' lang='lat' dir='ltr'><strong>extrahi</strong></span> <span class='ocrx_word' id='word_1_282' title='bbox 428 1592 545 1640; x_wconf 89' lang='lat' dir='ltr'><strong>potest</strong></span> <span class='ocrx_word' id='word_1_283' title='bbox 570 1619 579 1634; x_wconf 87' lang='lat'>,</span> <span class='ocrx_word' id='word_1_284' title='bbox 614 1599 655 1628; x_wconf 85' lang='lat' dir='ltr'><strong>ut</strong></span> <span class='ocrx_word' id='word_1_285' title='bbox 680 1590 750 1628; x_wconf 86' lang='lat' dir='ltr'><strong>sola</strong></span> <span class='ocrx_word' id='word_1_286' title='bbox 776 1598 933 1627; x_wconf 86' lang='lat' dir='ltr'><strong>cretacea</strong></span> <span class='ocrx_word' id='word_1_287' title='bbox 959 1599 1050 1627; x_wconf 89' lang='lat' dir='ltr'><strong>terra</strong></span> <span class='ocrx_word' id='word_1_288' title='bbox 1079 1591 1224 1640; x_wconf 86' lang='lat' dir='ltr'><strong>superfit</strong></span> <span class='ocrx_word' id='word_1_289' title='bbox 1255 1591 1348 1638; x_wconf 81' lang='lat' dir='ltr'><em>(h).</em></span> 
     </span>
    </p>

    <p class='ocr_par' dir='ltr' id='par_1_4' title="bbox 113 1648 1725 1758">
     <span class='ocr_line' id='line_1_26' title="bbox 171 1648 1725 1699; baseline 0 -11"><span class='ocrx_word' id='word_1_290' title='bbox 171 1650 392 1699; x_wconf 79' lang='lat' dir='ltr'><strong>Proprietas,</strong></span> <span class='ocrx_word' id='word_1_291' title='bbox 420 1662 489 1698; x_wconf 90' lang='lat' dir='ltr'><strong>qua</strong></span> <span class='ocrx_word' id='word_1_292' title='bbox 509 1650 581 1687; x_wconf 91' lang='lat' dir='ltr'><strong>hoc</strong></span> <span class='ocrx_word' id='word_1_293' title='bbox 607 1650 734 1698; x_wconf 88' lang='lat' dir='ltr'><strong>gluten</strong></span> <span class='ocrx_word' id='word_1_294' title='bbox 756 1657 868 1687; x_wconf 89' lang='lat' dir='ltr'><strong>terrea</strong></span> <span class='ocrx_word' id='word_1_295' title='bbox 887 1650 922 1686; x_wconf 86' lang='lat'>&amp;</span> <span class='ocrx_word' id='word_1_296' title='bbox 945 1648 1033 1687; x_wconf 90' lang='lat' dir='ltr'><strong>ficca</strong></span> <span class='ocrx_word' id='word_1_297' title='bbox 1061 1649 1188 1687; x_wconf 84' lang='lat' dir='ltr'><strong>offium</strong></span> <span class='ocrx_word' id='word_1_298' title='bbox 1214 1649 1390 1688; x_wconf 83' lang='lat' dir='ltr'><strong>elementa</strong></span> <span class='ocrx_word' id='word_1_299' title='bbox 1410 1652 1500 1693; x_wconf 85' lang='lat' dir='ltr'><strong>unit,</strong></span> <span class='ocrx_word' id='word_1_300' title='bbox 1526 1663 1571 1688; x_wconf 85' lang='lat' dir='ltr'><strong>ex</strong></span> <span class='ocrx_word' id='word_1_301' title='bbox 1594 1650 1647 1689; x_wconf 89' lang='lat' dir='ltr'><strong>Cl.</strong></span> <span class='ocrx_word' id='word_1_302' title='bbox 1672 1663 1725 1688; x_wconf 86' lang='lat' dir='ltr'><strong>ar-</strong></span> 
     </span>
     <span class='ocr_line' id='line_1_27' title="bbox 113 1708 1723 1758; baseline 0 -11"><span class='ocrx_word' id='word_1_303' title='bbox 113 1709 240 1748; x_wconf 87' lang='lat' dir='ltr'><strong>chiatri</strong></span> <span class='ocrx_word' id='word_1_304' title='bbox 274 1709 377 1746; x_wconf 72' lang='lat' dir='ltr'><strong>Petri</strong></span> <span class='ocrx_word' id='word_1_305' title='bbox 410 1708 564 1749; x_wconf 76' lang='lat' dir='ltr'>SHAW</span> <span class='ocrx_word' id='word_1_306' title='bbox 591 1709 842 1758; x_wconf 84' lang='lat' dir='ltr'><strong>experimento</strong></span> <span class='ocrx_word' id='word_1_307' title='bbox 877 1709 1022 1758; x_wconf 82' lang='lat' dir='ltr'><strong>adparet</strong></span> <span class='ocrx_word' id='word_1_308' title='bbox 1051 1710 1068 1757; x_wconf 86' lang='grc'>&lt;</span> <span class='ocrx_word' id='word_1_309' title='bbox 1083 1709 1127 1754; x_wconf 81' lang='lat' dir='ltr'><strong>c)</strong></span> <span class='ocrx_word' id='word_1_310' title='bbox 1144 1737 1153 1751; x_wconf 82' lang='grc'>,</span> <span class='ocrx_word' id='word_1_311' title='bbox 1190 1711 1253 1758; x_wconf 90' lang='lat' dir='ltr'><strong>qui</strong></span> <span class='ocrx_word' id='word_1_312' title='bbox 1276 1709 1471 1757; x_wconf 86' lang='lat' dir='ltr'><strong>gelatinam</strong></span> <span class='ocrx_word' id='word_1_313' title='bbox 1501 1710 1546 1748; x_wconf 88' lang='lat' dir='ltr'><strong>de</strong></span> <span class='ocrx_word' id='word_1_314' title='bbox 1578 1710 1723 1748; x_wconf 82' lang='lat' dir='ltr'><strong>bubulis</strong></span> 
     </span>
    </p>
   </div>
   <div class='ocr_carea' id='block_1_3' title="bbox 1111 1767 1724 1813">
    <p class='ocr_par' dir='ltr' id='par_1_5' title="bbox 1111 1767 1724 1813">
     <span class='ocr_line' id='line_1_28' title="bbox 1111 1767 1724 1813; baseline 0.003 -7"><span class='ocrx_word' id='word_1_315' title='bbox 1111 1767 1143 1806; x_wconf 90' lang='lat' dir='ltr'><strong>A</strong></span> <span class='ocrx_word' id='word_1_316' title='bbox 1206 1778 1223 1813; x_wconf 85' lang='lat'><em>3</em></span> <span class='ocrx_word' id='word_1_317' title='bbox 1592 1768 1724 1808; x_wconf 80' lang='lat' dir='ltr'><strong>offibus</strong></span> 
     </span>
    </p>
   </div>
   <div class='ocr_carea' id='block_1_4' title="bbox 115 1882 1723 2291">
    <p class='ocr_par' dir='ltr' id='par_1_6' title="bbox 115 1882 1723 1966">
     <span class='ocr_line' id='line_1_29' title="bbox 154 1882 1723 1924; baseline 0.001 -9"><span class='ocrx_word' id='word_1_318' title='bbox 154 1884 216 1923; x_wconf 68' lang='lat' dir='ltr'><strong>(o)</strong></span> <span class='ocrx_word' id='word_1_319' title='bbox 238 1884 271 1915; x_wconf 77' lang='lat' dir='ltr'><strong>ln</strong></span> <span class='ocrx_word' id='word_1_320' title='bbox 294 1882 405 1915; x_wconf 78' lang='lat' dir='ltr'><strong>Zodiac.</strong></span> <span class='ocrx_word' id='word_1_321' title='bbox 429 1884 512 1915; x_wconf 76' lang='lat' dir='ltr'><em>Med.</em></span> <span class='ocrx_word' id='word_1_322' title='bbox 540 1884 606 1914; x_wconf 84' lang='lat' dir='ltr'><strong>Gall.</strong></span> <span class='ocrx_word' id='word_1_323' title='bbox 628 1895 697 1914; x_wconf 84' lang='lat' dir='ltr'><strong>ann.</strong></span> <span class='ocrx_word' id='word_1_324' title='bbox 722 1893 746 1922; x_wconf 89' lang='lat'><strong>3.</strong></span> <span class='ocrx_word' id='word_1_325' title='bbox 770 1895 788 1923; x_wconf 90' lang='lat' dir='ltr'><strong>p</strong></span> <span class='ocrx_word' id='word_1_326' title='bbox 811 1890 849 1920; x_wconf 83' lang='lat'><strong>80</strong></span> <span class='ocrx_word' id='word_1_327' title='bbox 882 1885 1021 1915; x_wconf 82' lang='lat' dir='ltr'><strong>Memoir.</strong></span> <span class='ocrx_word' id='word_1_328' title='bbox 1042 1884 1075 1912; x_wconf 82' lang='lat' dir='ltr'><strong>de</strong></span> <span class='ocrx_word' id='word_1_329' title='bbox 1091 1882 1204 1914; x_wconf 66' lang='lat' dir='ltr'><strong>PAcad.</strong></span> <span class='ocrx_word' id='word_1_330' title='bbox 1227 1885 1273 1914; x_wconf 76' lang='lat' dir='ltr'><strong>des</strong></span> <span class='ocrx_word' id='word_1_331' title='bbox 1293 1886 1396 1916; x_wconf 81' lang='lat' dir='ltr'><strong>Scicnc.</strong></span> <span class='ocrx_word' id='word_1_332' title='bbox 1415 1891 1500 1916; x_wconf 87' lang='lat' dir='ltr'><strong>avant</strong></span> <span class='ocrx_word' id='word_1_333' title='bbox 1516 1889 1603 1924; x_wconf 77' lang='lat'>¹699·</span> <span class='ocrx_word' id='word_1_334' title='bbox 1621 1894 1723 1924; x_wconf 70' lang='lat' dir='ltr'><strong>p.321‚</strong></span> 
     </span>
     <span class='ocr_line' id='line_1_30' title="bbox 115 1924 1647 1966; baseline 0.001 -11"><span class='ocrx_word' id='word_1_335' title='bbox 115 1927 243 1963; x_wconf 83' lang='lat' dir='ltr'><strong>Journal</strong></span> <span class='ocrx_word' id='word_1_336' title='bbox 255 1927 300 1955; x_wconf 75' lang='lat' dir='ltr'><strong>des</strong></span> <span class='ocrx_word' id='word_1_337' title='bbox 320 1928 428 1956; x_wconf 57' lang='lat' dir='ltr'><strong>Savum</strong></span> <span class='ocrx_word' id='word_1_338' title='bbox 454 1929 537 1959; x_wconf 81' lang='lat'>168¹.</span> <span class='ocrx_word' id='word_1_339' title='bbox 564 1935 590 1954; x_wconf 87' lang='lat' dir='ltr'><strong>n.</strong></span> <span class='ocrx_word' id='word_1_340' title='bbox 612 1935 654 1961; x_wconf 79' lang='grc' dir='ltr'><strong>ις.</strong></span> <span class='ocrx_word' id='word_1_341' title='bbox 688 1924 798 1955; x_wconf 58' lang='lat' dir='ltr'><strong>Non</strong></span> <span class='ocrx_word' id='word_1_342' title='bbox 813 1935 860 1956; x_wconf 72' lang='lat' dir='ltr'><strong>ET</strong></span> <span class='ocrx_word' id='word_1_343' title='bbox 886 1929 973 1955; x_wconf 78' lang='lat' dir='ltr'><strong>Cours</strong></span> <span class='ocrx_word' id='word_1_344' title='bbox 991 1926 1024 1954; x_wconf 76' lang='lat' dir='ltr'><strong>de</strong></span> <span class='ocrx_word' id='word_1_345' title='bbox 1049 1925 1154 1964; x_wconf 58' lang='lat' dir='ltr'><strong>Physz&#39;c.</strong></span> <span class='ocrx_word' id='word_1_346' title='bbox 1175 1927 1356 1963; x_wconf 77' lang='lat' dir='ltr'><strong>experiment.</strong></span> <span class='ocrx_word' id='word_1_347' title='bbox 1376 1927 1460 1957; x_wconf 69' lang='lat' dir='ltr'><strong>Toni.</strong></span> <span class='ocrx_word' id='word_1_348' title='bbox 1477 1927 1525 1959; x_wconf 87' lang='lat' dir='ltr'><strong>IV.</strong></span> <span class='ocrx_word' id='word_1_349' title='bbox 1550 1937 1577 1966; x_wconf 89' lang='lat' dir='ltr'><strong>p.</strong></span> <span class='ocrx_word' id='word_1_350' title='bbox 1598 1937 1647 1963; x_wconf 77' lang='lat'><strong>40.</strong></span> 
     </span>
    </p>

    <p class='ocr_par' dir='ltr' id='par_1_7' title="bbox 157 1965 1170 2004">
     <span class='ocr_line' id='line_1_31' title="bbox 157 1965 1170 2004; baseline 0.001 -9"><span class='ocrx_word' id='word_1_351' title='bbox 157 1966 220 2004; x_wconf 81' lang='lat' dir='ltr'><strong>(p)</strong></span> <span class='ocrx_word' id='word_1_352' title='bbox 247 1969 337 1996; x_wconf 72' lang='lat' dir='ltr'><strong>Nom.</strong></span> <span class='ocrx_word' id='word_1_353' title='bbox 363 1965 517 2003; x_wconf 49' lang='lat' dir='ltr'><strong>dfigffleur,</strong></span> <span class='ocrx_word' id='word_1_354' title='bbox 552 1975 580 2003; x_wconf 85' lang='lat' dir='ltr'><strong>p.</strong></span> <span class='ocrx_word' id='word_1_355' title='bbox 603 1975 648 2002; x_wconf 84' lang='lat'><strong>52.</strong></span> <span class='ocrx_word' id='word_1_356' title='bbox 1168 1979 1170 1981; x_wconf 70' lang='grc'>’</span> 
     </span>
    </p>

    <p class='ocr_par' dir='ltr' id='par_1_8' title="bbox 158 2007 543 2045">
     <span class='ocr_line' id='line_1_32' title="bbox 158 2007 543 2045; baseline 0.008 -4"><span class='ocrx_word' id='word_1_357' title='bbox 158 2007 220 2045; x_wconf 81' lang='lat' dir='ltr'><strong>(q)</strong></span> <span class='ocrx_word' id='word_1_358' title='bbox 243 2007 305 2044; x_wconf 72' lang='lat' dir='ltr'><strong>Pag—</strong></span> <span class='ocrx_word' id='word_1_359' title='bbox 336 2017 392 2043; x_wconf 76' lang='lat'><strong>34,</strong></span> <span class='ocrx_word' id='word_1_360' title='bbox 419 2016 472 2044; x_wconf 82' lang='lat'><strong>59·</strong></span> <span class='ocrx_word' id='word_1_361' title='bbox 497 2010 543 2036; x_wconf 89' lang='lat'><strong>60·</strong></span> 
     </span>
    </p>

    <p class='ocr_par' dir='ltr' id='par_1_9' title="bbox 158 2047 784 2085">
     <span class='ocr_line' id='line_1_33' title="bbox 158 2047 784 2085; baseline 0 -10"><span class='ocrx_word' id='word_1_362' title='bbox 158 2047 227 2083; x_wconf 79' lang='lat' dir='ltr'><strong>(r)</strong></span> <span class='ocrx_word' id='word_1_363' title='bbox 253 2048 361 2075; x_wconf 82' lang='lat' dir='ltr'><strong>Contin.</strong></span> <span class='ocrx_word' id='word_1_364' title='bbox 388 2048 427 2075; x_wconf 82' lang='lat' dir='ltr'><strong>du</strong></span> <span class='ocrx_word' id='word_1_365' title='bbox 448 2047 536 2083; x_wconf 75' lang='lat' dir='ltr'><strong>digest.</strong></span> <span class='ocrx_word' id='word_1_366' title='bbox 563 2058 626 2085; x_wconf 79' lang='lat' dir='ltr'><strong>pag.</strong></span> <span class='ocrx_word' id='word_1_367' title='bbox 654 2058 688 2082; x_wconf 79' lang='lat'><strong>¹9</strong></span> <span class='ocrx_word' id='word_1_368' title='bbox 704 2066 712 2080; x_wconf 82' lang='lat'><strong>‚</strong></span> <span class='ocrx_word' id='word_1_369' title='bbox 738 2057 784 2078; x_wconf 70' lang='lat'><strong>21.</strong></span> 
     </span>
    </p>

    <p class='ocr_par' dir='ltr' id='par_1_10' title="bbox 159 2087 1604 2131">
     <span class='ocr_line' id='line_1_34' title="bbox 159 2087 1604 2131; baseline 0.004 -16"><span class='ocrx_word' id='word_1_370' title='bbox 159 2087 224 2122; x_wconf 75' lang='lat' dir='ltr'><strong>(s)</strong></span> <span class='ocrx_word' id='word_1_371' title='bbox 245 2087 357 2125; x_wconf 83' lang='lat' dir='ltr'><strong>Nempe</strong></span> <span class='ocrx_word' id='word_1_372' title='bbox 378 2087 526 2117; x_wconf 63' lang='lat' dir='ltr'><strong>diffiabiles</strong></span> <span class='ocrx_word' id='word_1_373' title='bbox 549 2087 612 2118; x_wconf 83' lang='lat' dir='ltr'><strong>sunt</strong></span> <span class='ocrx_word' id='word_1_374' title='bbox 635 2089 696 2118; x_wconf 83' lang='lat' dir='ltr'><strong>duae</strong></span> <span class='ocrx_word' id='word_1_375' title='bbox 719 2091 808 2119; x_wconf 79' lang='lat' dir='ltr'><strong>tertiae</strong></span> <span class='ocrx_word' id='word_1_376' title='bbox 830 2095 923 2127; x_wconf 69' lang='lat' dir='ltr'><strong>partes</strong></span> <span class='ocrx_word' id='word_1_377' title='bbox 949 2088 1051 2119; x_wconf 87' lang='lat' dir='ltr'><strong>offium</strong></span> <span class='ocrx_word' id='word_1_378' title='bbox 1074 2088 1149 2119; x_wconf 87' lang='lat' dir='ltr'><strong>fetus</strong></span> <span class='ocrx_word' id='word_1_379' title='bbox 1173 2089 1297 2120; x_wconf 70' lang='lat' dir='ltr'><strong>anm</strong></span> <span class='ocrx_word' id='word_1_380' title='bbox 1312 2099 1332 2120; x_wconf 78' lang='grc' dir='ltr'><strong><em>τ</em></strong></span> <span class='ocrx_word' id='word_1_381' title='bbox 1359 2089 1483 2130; x_wconf 79' lang='lat' dir='ltr'><strong>osteogen.</strong></span> <span class='ocrx_word' id='word_1_382' title='bbox 1510 2101 1535 2131; x_wconf 85' lang='lat' dir='ltr'><strong>p.</strong></span> <span class='ocrx_word' id='word_1_383' title='bbox 1559 2100 1604 2129; x_wconf 80' lang='lat'><strong>31,</strong></span> 
     </span>
    </p>

    <p class='ocr_par' dir='ltr' id='par_1_11' title="bbox 161 2126 672 2166">
     <span class='ocr_line' id='line_1_35' title="bbox 161 2126 672 2166; baseline 0 -10"><span class='ocrx_word' id='word_1_384' title='bbox 161 2126 222 2165; x_wconf 84' lang='lat' dir='ltr'><strong>(t)</strong></span> <span class='ocrx_word' id='word_1_385' title='bbox 246 2130 288 2157; x_wconf 84' lang='lat' dir='ltr'><strong>De</strong></span> <span class='ocrx_word' id='word_1_386' title='bbox 309 2128 447 2157; x_wconf 73' lang='lat' dir='ltr'><strong>velocitut.</strong></span> <span class='ocrx_word' id='word_1_387' title='bbox 465 2126 546 2166; x_wconf 81' lang='lat' dir='ltr'><strong>fimg.</strong></span> <span class='ocrx_word' id='word_1_388' title='bbox 579 2140 604 2166; x_wconf 87' lang='lat' dir='ltr'><strong>p.</strong></span> <span class='ocrx_word' id='word_1_389' title='bbox 627 2138 672 2165; x_wconf 84' lang='lat'><strong>32.</strong></span> 
     </span>
    </p>

    <p class='ocr_par' dir='ltr' id='par_1_12' title="bbox 163 2168 1086 2208">
     <span class='ocr_line' id='line_1_36' title="bbox 163 2168 1086 2208; baseline 0.005 -12"><span class='ocrx_word' id='word_1_390' title='bbox 163 2168 227 2203; x_wconf 79' lang='grc' dir='ltr'>(ιι)</span> <span class='ocrx_word' id='word_1_391' title='bbox 254 2169 382 2206; x_wconf 68' lang='lat' dir='ltr'><strong>Os7eolog.</strong></span> <span class='ocrx_word' id='word_1_392' title='bbox 407 2168 490 2198; x_wconf 89' lang='lat' dir='ltr'><strong>Tom.</strong></span> <span class='ocrx_word' id='word_1_393' title='bbox 511 2169 531 2199; x_wconf 88' lang='grc' dir='ltr'><strong>Ι.</strong></span> <span class='ocrx_word' id='word_1_394' title='bbox 558 2179 587 2207; x_wconf 82' lang='lat' dir='ltr'><strong>p,</strong></span> <span class='ocrx_word' id='word_1_395' title='bbox 605 2174 673 2206; x_wconf 85' lang='lat'><strong>2⁶7·</strong></span> <span class='ocrx_word' id='word_1_396' title='bbox 697 2169 781 2200; x_wconf 89' lang='lat' dir='ltr'><strong>Tom.</strong></span> <span class='ocrx_word' id='word_1_397' title='bbox 801 2170 836 2201; x_wconf 87' lang='lat'><strong>11.</strong></span> <span class='ocrx_word' id='word_1_398' title='bbox 861 2180 888 2208; x_wconf 86' lang='lat' dir='ltr'><strong>p.</strong></span> <span class='ocrx_word' id='word_1_399' title='bbox 911 2176 992 2207; x_wconf 84' lang='lat'>488,</span> <span class='ocrx_word' id='word_1_400' title='bbox 1018 2177 1086 2207; x_wconf 82' lang='lat'>489.</span> 
     </span>
    </p>

    <p class='ocr_par' dir='ltr' id='par_1_13' title="bbox 163 2208 657 2247">
     <span class='ocr_line' id='line_1_37' title="bbox 163 2208 657 2247; baseline 0.006 -10"><span class='ocrx_word' id='word_1_401' title='bbox 163 2208 231 2243; x_wconf 67' lang='grc' dir='ltr'><strong>(κ)</strong></span> <span class='ocrx_word' id='word_1_402' title='bbox 254 2209 492 2240; x_wconf 59' lang='lat' dir='ltr'><strong>Sounoua</strong></span> <span class='ocrx_word' id='word_1_403' title='bbox 521 2211 553 2238; x_wconf 76' lang='lat' dir='ltr'><strong>de</strong></span> <span class='ocrx_word' id='word_1_404' title='bbox 576 2218 657 2247; x_wconf 69' lang='lat' dir='ltr'><strong>pane.</strong></span> 
     </span>
    </p>

    <p class='ocr_par' dir='ltr' id='par_1_14' title="bbox 162 2249 1299 2291">
     <span class='ocr_line' id='line_1_38' title="bbox 162 2249 1299 2291; baseline 0.004 -13"><span class='ocrx_word' id='word_1_405' title='bbox 162 2249 507 2286; x_wconf 68' lang='lat' dir='ltr'><strong>(y)N01.Ln&#39;rl.c.</strong></span> <span class='ocrx_word' id='word_1_406' title='bbox 532 2250 736 2281; x_wconf 49' lang='lat' dir='ltr'><strong>Minoum</strong></span> <span class='ocrx_word' id='word_1_407' title='bbox 762 2253 858 2289; x_wconf 75' lang='lat' dir='ltr'><strong>Chym.</strong></span> <span class='ocrx_word' id='word_1_408' title='bbox 884 2253 993 2283; x_wconf 74' lang='lat' dir='ltr'><strong>Medic.</strong></span> <span class='ocrx_word' id='word_1_409' title='bbox 1030 2252 1115 2283; x_wconf 86' lang='lat' dir='ltr'><strong>Tom.</strong></span> <span class='ocrx_word' id='word_1_410' title='bbox 1135 2252 1156 2283; x_wconf 85' lang='grc' dir='ltr'><strong>Ι.</strong></span> <span class='ocrx_word' id='word_1_411' title='bbox 1182 2263 1210 2291; x_wconf 92' lang='lat' dir='ltr'><strong>p.</strong></span> <span class='ocrx_word' id='word_1_412' title='bbox 1234 2258 1299 2291; x_wconf 79' lang='lat'><strong>169.</strong></span> 
     </span>
    </p>
   </div>
   <div class='ocr_carea' id='block_1_5' title="bbox 121 2289 1726 2495">
    <p class='ocr_par' dir='ltr' id='par_1_15' title="bbox 121 2289 1726 2371">
     <span class='ocr_line' id='line_1_39' title="bbox 163 2289 1726 2335; baseline 0.007 -17"><span class='ocrx_word' id='word_1_413' title='bbox 163 2289 228 2324; x_wconf 83' lang='lat' dir='ltr'><strong>(z)</strong></span> <span class='ocrx_word' id='word_1_414' title='bbox 254 2289 278 2319; x_wconf 86' lang='lat' dir='ltr'><em>H</em></span> <span class='ocrx_word' id='word_1_415' title='bbox 293 2300 305 2318; x_wconf 76' lang='grc' dir='ltr'>Ε</span> <span class='ocrx_word' id='word_1_416' title='bbox 317 2300 360 2318; x_wconf 44' lang='grc' dir='ltr'><strong>ιιι</strong></span> <span class='ocrx_word' id='word_1_417' title='bbox 373 2300 389 2319; x_wconf 85' lang='lat' dir='ltr'><strong>o</strong></span> <span class='ocrx_word' id='word_1_418' title='bbox 402 2300 421 2318; x_wconf 69' lang='grc' dir='ltr'><strong><em>τ</em></strong></span> <span class='ocrx_word' id='word_1_419' title='bbox 446 2292 480 2320; x_wconf 86' lang='lat' dir='ltr'><strong>ad</strong></span> <span class='ocrx_word' id='word_1_420' title='bbox 504 2291 522 2321; x_wconf 89' lang='lat' dir='ltr'>S</span> <span class='ocrx_word' id='word_1_421' title='bbox 534 2301 551 2321; x_wconf 92' lang='lat' dir='ltr'><strong>c</strong></span> <span class='ocrx_word' id='word_1_422' title='bbox 565 2302 584 2321; x_wconf 75' lang='grc' dir='ltr'><strong><em>Η</em></strong></span> <span class='ocrx_word' id='word_1_423' title='bbox 598 2303 616 2321; x_wconf 80' lang='grc' dir='ltr'><strong>ι.</strong></span> <span class='ocrx_word' id='word_1_424' title='bbox 628 2302 646 2322; x_wconf 82' lang='lat' dir='ltr'><strong>u</strong></span> <span class='ocrx_word' id='word_1_425' title='bbox 659 2302 678 2321; x_wconf 80' lang='grc' dir='ltr'>τ</span> <span class='ocrx_word' id='word_1_426' title='bbox 690 2303 704 2322; x_wconf 74' lang='lat' dir='ltr'><strong>n</strong></span> <span class='ocrx_word' id='word_1_427' title='bbox 720 2303 734 2321; x_wconf 75' lang='lat' dir='ltr'>R</span> <span class='ocrx_word' id='word_1_428' title='bbox 749 2303 757 2321; x_wconf 89' lang='grc' dir='ltr'>ι</span> <span class='ocrx_word' id='word_1_429' title='bbox 782 2293 863 2330; x_wconf 85' lang='lat' dir='ltr'><strong>Opus</strong></span> <span class='ocrx_word' id='word_1_430' title='bbox 887 2293 1114 2331; x_wconf 79' lang='lat' dir='ltr'><strong>metallurgicum</strong></span> <span class='ocrx_word' id='word_1_431' title='bbox 1126 2316 1135 2333; x_wconf 88' lang='lat'>,</span> <span class='ocrx_word' id='word_1_432' title='bbox 1159 2293 1243 2326; x_wconf 80' lang='lat' dir='ltr'><strong>Tem.</strong></span> <span class='ocrx_word' id='word_1_433' title='bbox 1264 2295 1288 2327; x_wconf 88' lang='grc' dir='ltr'><strong>Ι.</strong></span> <span class='ocrx_word' id='word_1_434' title='bbox 1313 2305 1339 2335; x_wconf 81' lang='lat' dir='ltr'><strong>p.</strong></span> <span class='ocrx_word' id='word_1_435' title='bbox 1361 2304 1425 2329; x_wconf 76' lang='lat'>¹10.</span> <span class='ocrx_word' id='word_1_436' title='bbox 1451 2296 1541 2335; x_wconf 84' lang='lat' dir='ltr'><strong>Testae</strong></span> <span class='ocrx_word' id='word_1_437' title='bbox 1558 2297 1636 2330; x_wconf 88' lang='lat' dir='ltr'><strong>enim</strong></span> <span class='ocrx_word' id='word_1_438' title='bbox 1654 2297 1726 2330; x_wconf 71' lang='lat' dir='ltr'><strong>fiune</strong></span> 
     </span>
     <span class='ocr_line' id='line_1_40' title="bbox 121 2330 955 2371; baseline 0.007 -12"><span class='ocrx_word' id='word_1_439' title='bbox 121 2339 158 2365; x_wconf 67' lang='lat' dir='ltr'><strong>ex</strong></span> <span class='ocrx_word' id='word_1_440' title='bbox 180 2330 268 2360; x_wconf 78' lang='lat' dir='ltr'><strong>boum</strong></span> <span class='ocrx_word' id='word_1_441' title='bbox 292 2330 416 2364; x_wconf 74' lang='lat' dir='ltr'><strong>ossibus,</strong></span> <span class='ocrx_word' id='word_1_442' title='bbox 445 2332 481 2361; x_wconf 85' lang='lat' dir='ltr'><strong>de</strong></span> <span class='ocrx_word' id='word_1_443' title='bbox 500 2333 601 2369; x_wconf 72' lang='lat' dir='ltr'><strong>quibus</strong></span> <span class='ocrx_word' id='word_1_444' title='bbox 616 2333 714 2371; x_wconf 87' lang='lat' dir='ltr'><strong>gluten</strong></span> <span class='ocrx_word' id='word_1_445' title='bbox 733 2335 893 2364; x_wconf 61' lang='lat' dir='ltr'><strong>extractum</strong></span> <span class='ocrx_word' id='word_1_446' title='bbox 909 2334 955 2365; x_wconf 90' lang='lat' dir='ltr'><strong>est.</strong></span> 
     </span>
    </p>

    <p class='ocr_par' dir='ltr' id='par_1_16' title="bbox 165 2370 892 2412">
     <span class='ocr_line' id='line_1_41' title="bbox 165 2370 892 2412; baseline 0.008 -13"><span class='ocrx_word' id='word_1_447' title='bbox 165 2370 225 2407; x_wconf 86' lang='lat' dir='ltr'><strong>(a)</strong></span> <span class='ocrx_word' id='word_1_448' title='bbox 249 2371 287 2400; x_wconf 90' lang='lat' dir='ltr'><strong>Le</strong></span> <span class='ocrx_word' id='word_1_449' title='bbox 310 2371 414 2401; x_wconf 58' lang='lat' dir='ltr'><strong>Cim</strong></span> <span class='ocrx_word' id='word_1_450' title='bbox 430 2381 447 2401; x_wconf 90' lang='lat' dir='ltr'><strong>c</strong></span> <span class='ocrx_word' id='word_1_451' title='bbox 478 2374 596 2404; x_wconf 75' lang='lat' dir='ltr'><strong>Mulad.</strong></span> <span class='ocrx_word' id='word_1_452' title='bbox 621 2376 665 2403; x_wconf 71' lang='lat' dir='ltr'><strong>cies</strong></span> <span class='ocrx_word' id='word_1_453' title='bbox 688 2384 734 2410; x_wconf 82' lang='lat' dir='ltr'><strong>os,</strong></span> <span class='ocrx_word' id='word_1_454' title='bbox 765 2385 827 2412; x_wconf 83' lang='lat' dir='ltr'><strong>cap.</strong></span> <span class='ocrx_word' id='word_1_455' title='bbox 845 2375 892 2405; x_wconf 87' lang='lat' dir='ltr'><strong>lv.</strong></span> 
     </span>
    </p>

    <p class='ocr_par' dir='ltr' id='par_1_17' title="bbox 164 2409 1011 2457">
     <span class='ocr_line' id='line_1_42' title="bbox 164 2409 1011 2457; baseline 0.011 -17"><span class='ocrx_word' id='word_1_456' title='bbox 164 2410 225 2447; x_wconf 83' lang='lat' dir='ltr'><strong>(h)</strong></span> <span class='ocrx_word' id='word_1_457' title='bbox 247 2411 267 2441; x_wconf 91' lang='lat' dir='ltr'><strong>F</strong></span> <span class='ocrx_word' id='word_1_458' title='bbox 279 2421 295 2440; x_wconf 73' lang='lat' dir='ltr'><strong>a</strong></span> <span class='ocrx_word' id='word_1_459' title='bbox 309 2422 322 2440; x_wconf 81' lang='grc' dir='ltr'>ε</span> <span class='ocrx_word' id='word_1_460' title='bbox 335 2422 353 2441; x_wconf 82' lang='grc' dir='ltr'>κ</span> <span class='ocrx_word' id='word_1_461' title='bbox 367 2422 381 2441; x_wconf 69' lang='lat' dir='ltr'><strong>a</strong></span> <span class='ocrx_word' id='word_1_462' title='bbox 405 2409 485 2453; x_wconf 70' lang='lat' dir='ltr'><strong>Effiiy</strong></span> <span class='ocrx_word' id='word_1_463' title='bbox 503 2423 539 2442; x_wconf 88' lang='lat' dir='ltr'><strong>on</strong></span> <span class='ocrx_word' id='word_1_464' title='bbox 555 2415 601 2443; x_wconf 84' lang='lat' dir='ltr'><strong>the</strong></span> <span class='ocrx_word' id='word_1_465' title='bbox 616 2421 665 2444; x_wconf 82' lang='lat' dir='ltr'><strong>art</strong></span> <span class='ocrx_word' id='word_1_466' title='bbox 689 2414 724 2453; x_wconf 85' lang='lat' dir='ltr'><strong>of</strong></span> <span class='ocrx_word' id='word_1_467' title='bbox 741 2416 852 2455; x_wconf 68' lang='lat' dir='ltr'><strong>healing</strong></span> <span class='ocrx_word' id='word_1_468' title='bbox 863 2438 872 2456; x_wconf 81' lang='lat'>,</span> <span class='ocrx_word' id='word_1_469' title='bbox 894 2425 921 2457; x_wconf 78' lang='lat' dir='ltr'><strong>p.</strong></span> <span class='ocrx_word' id='word_1_470' title='bbox 944 2425 1011 2455; x_wconf 71' lang='lat'><strong>242,</strong></span> 
     </span>
    </p>

    <p class='ocr_par' dir='ltr' id='par_1_18' title="bbox 164 2450 685 2495">
     <span class='ocr_line' id='line_1_43' title="bbox 164 2450 685 2495; baseline 0.013 -14"><span class='ocrx_word' id='word_1_471' title='bbox 164 2450 225 2491; x_wconf 82' lang='lat' dir='ltr'><strong>(c)</strong></span> <span class='ocrx_word' id='word_1_472' title='bbox 248 2451 393 2491; x_wconf 74' lang='lat' dir='ltr'><strong>Chymical</strong></span> <span class='ocrx_word' id='word_1_473' title='bbox 410 2452 543 2494; x_wconf 67' lang='lat' dir='ltr'><strong>leelures,</strong></span> <span class='ocrx_word' id='word_1_474' title='bbox 568 2464 597 2493; x_wconf 83' lang='lat' dir='ltr'><strong>p.</strong></span> <span class='ocrx_word' id='word_1_475' title='bbox 623 2459 685 2495; x_wconf 84' lang='lat'><strong>176.</strong></span> 
     </span>
    </p>
   </div>
  </div>
 </body>
</html>
