2003 2748
276 112 459 153 SECT.
495 109 599 152 III.
634 109 721 151 EX
751 109 1075 151 ARTERIIS
1107 111 1178 152 IN
1207 111 1434 152 VENAS.
1573 125 1658 165 247

60 213 136 254 bit,
170 211 208 248 δε
231 209 314 253 alia,
343 209 470 248 infesta
486 209 664 258 imprimis
681 236 691 251 ‚
726 208 858 259 quibus
874 220 983 247 cruor
1007 209 1137 259 absque
1157 221 1202 248 eo
1219 211 1371 248 circuitu
1389 210 1438 247 est
1455 207 1509 259 (f
1517 210 1545 258 ).
1579 210 1658 250 Ve-'

63 284 148 310 rum
175 282 259 308 cum
286 269 396 307 Persae
425 269 558 306 Arabes
587 269 743 306 omnino
765 268 930 306 medicos
955 269 1134 317 legant&
1160 269 1352 318 sequantur
1371 298 1381 311 ,
1423 269 1461 306 hi
1489 283 1576 309 vero
1596 271 1656 310 sua

62 331 137 370 fere
160 332 282 367 omnia
308 341 355 367 ex
373 329 506 367 Graecis
531 328 745 370 habuerint,
776 326 910 365 Graecis
929 327 1086 377 denique
1106 330 1134 365 is
1157 330 1328 367 circuitus
1346 341 1423 366 non
1446 337 1556 368 notus
1577 330 1654 369 fue-

63 393 135 434 rit,
169 390 287 428 multo
314 390 436 426 minus
463 386 634 426 credibile
662 386 736 430 est,
778 387 817 423 in
844 389 1031 436 nuperiori
1068 387 1169 431 Afia,
1213 390 1324 438 inque
1350 396 1452 426 tanto
1483 393 1655 429 omnium

63 453 244 489 bonarum
267 451 396 486 artium
417 449 593 496 languore
608 475 619 490 ,
656 446 694 482 &
721 446 936 484 cadaverum
955 446 1108 484 horrore
1124 476 1133 490 ,
1174 453 1314 486 tantum
1344 450 1535 487 inventum
1560 450 1655 488 nasci

62 505 226 561 potuiffe.
261 508 304 547 Et
333 507 573 549 crediderim,
616 504 832 543 infestorum
861 514 1104 555 argumento,
1139 506 1253 555 longe
1287 506 1480 556 simp-licius
1512 521 1551 545 ea
1579 511 1653 546 ani<

62 570 167 607 malia
189 581 258 619 pro
280 568 430 616 impuris
456 564 606 613 haberiJ,
643 565 774 614 quibus
799 566 907 604 ruber
931 565 1074 614 sanguis
1102 578 1180 603 non
1204 565 1245 603 fit
1265 595 1274 609 ‚
1310 568 1373 615 qui
1391 579 1455 616 per
1479 567 1556 606 vasa
1573 580 1655 606 mo-

63 637 208 672 veatur,
245 628 281 665 &
301 638 393 665 voce
415 627 600 664 circumire
633 626 741 663 unice
766 624 947 674 sanguinis
975 624 1156 664 fluentum
1179 625 1377 674 significari.

533 726 565 767 §-
618 719 660 759 X
676 718 718 759 X
737 718 779 759 X
795 719 852 758 II.
924 721 990 758 Sed
1010 720 1176 759 Harvcii.

120 820 292 860 Praeterea
315 828 420 869 aequo
445 818 570 856 animo
594 823 742 867 oportet
774 815 979 866 expendisse
997 844 1006 859 ,
1048 828 1125 854 non
1156 829 1240 855 eum
1267 829 1394 855 verum
1422 819 1655 857 inventorem

60 879 130 918 esse
146 909 156 923 ‚
192 881 250 917 cui
268 890 357 927 vaga
380 878 497 928 aliqua
514 878 688 926 cogitatio
706 876 817 926 elapsa
849 877 897 913 est
912 904 920 919 ‚
954 876 1104 913 innullo
1121 876 1268 914 fundata
1287 879 1538 926 experimento
1550 906 1560 920 ,
1593 877 1654 915 sed

60 952 148 978 cum
166 940 322 976 omnino
349 950 429 975 eam
459 936 603 975 laudem
629 938 780 979 mereri,
816 937 880 985 qui
908 947 1036 973 verum
1065 947 1111 973 ex
1130 936 1198 974 suis
1228 936 1391 974 fontibus
1415 949 1479 986 per
1506 937 1565 974 sua
1590 949 1653 985 pe-

61 999 172 1038 ricula
187 1027 197 1041 ,
239 997 383 1047 suasque
406 997 659 1034 meditationes
689 997 843 1039 eruerit,
882 995 918 1031 &
943 994 1034 1032 adeo
1058 994 1169 1033 firmis
1202 997 1402 1034 rationibus
1425 996 1647 1039 stabiliverit,

61 1065 103 1096 ut
122 1059 197 1096 veri
225 1056 378 1106 cupidos
408 1057 637 1094 convincant.
672 1053 727 1092 Ex
753 1067 793 1092 ea
822 1060 918 1092 certe
937 1053 1149 1092 definitione
1163 1084 1173 1098 ,
1208 1056 1300 1092 recte
1320 1068 1338 1092 a
1355 1054 1405 1092 P1
1420 1068 1444 1092 T
1459 1068 1478 1092 c
1493 1068 1514 1091 A
1528 1069 1548 1093 R
1561 1068 1584 1092 N
1601 1068 1613 1092 1
1627 1068 1651 1092 o

62 1115 157 1167 (g)
187 1117 224 1153 δε
259 1123 383 1154 ornate
413 1114 596 1164 proposita
612 1143 622 1157 ,
667 1115 836 1164 adparet,
871 1125 949 1151 non
983 1112 1154 1151 CAEsAL
1169 1127 1187 1151 P
1205 1127 1217 1151 1
1233 1127 1257 1151 N
1275 1127 1298 1151 o
1340 1115 1388 1151 ob
1424 1127 1552 1163 paucas
1591 1114 1652 1151 ali-

61 1187 149 1225 quas
183 1176 220 1211 &
254 1175 396 1213 obscuri
419 1174 534 1213 sensus
555 1186 663 1212 voces
678 1202 687 1216 ,
726 1173 786 1211 sed
814 1172 884 1211 HA
900 1186 921 1210 R
935 1186 957 1209 v
974 1184 993 1209 Ε
1008 1185 1020 1209 1
1036 1185 1080 1216 o,
1114 1173 1486 1211 numerofiffimorum
1515 1175 1654 1223 experi-

62 1243 272 1273 mentorum
301 1234 481 1271 laborioso
519 1233 654 1285 auctori
671 1261 681 1276 ,
731 1233 905 1282 gravique
930 1231 1096 1281 scriptori
1125 1242 1427 1281 argumentorum
1457 1235 1649 1276 omnium,

58 1306 142 1344 quae
166 1305 211 1331 eo
240 1306 317 1332 aevo
351 1294 505 1343 proferri
532 1300 700 1342 poterant
720 1321 730 1336 ,
773 1291 1019 1329 immortalem
1044 1291 1200 1340 gloriam
1230 1293 1370 1329 inventi
1392 1294 1561 1330 circuitus
1579 1292 1655 1329 san-

61 1355 182 1403 guinis
208 1353 340 1391 deberi.
390 1352 581 1402 Valdeque
605 1351 714 1390 laudo
744 1352 916 1390 Richardz'
943 1351 986 1388 M
1001 1362 1056 1387 EA
1071 1364 1094 1388 D
1111 1364 1124 1388 1
1140 1364 1153 1388 1
1185 1351 1436 1391 liberalitatem
1451 1381 1461 1396 ,
1496 1354 1560 1402 qui
1587 1353 1657 1391 bu-

62 1412 157 1452 stum
172 1414 298 1463 magni
325 1413 391 1451 viri
412 1414 452 1451 in
477 1412 596 1451 schola
617 1412 758 1450 medica
787 1409 1010 1450 Londinenfi
1040 1410 1228 1450 dedicavit.
1512 1406 1515 1410 ’

483 1527 515 1568 ᾗ.
536 1521 594 1560 -Χ
606 1521 650 1561 X
663 1520 736 1560 XI
752 1520 769 1559 I
785 1521 811 1558 I.
881 1520 1091 1568 Objefflones
1112 1520 1247 1568 aliquae:

121 1633 309 1683 Superest,
349 1639 389 1672 ut
412 1633 546 1682 aliquas
560 1661 568 1676 ‚
604 1632 773 1670 nondum
793 1631 926 1669 eversas
946 1632 1168 1680 obJeffiones
1186 1632 1421 1670 nominemus
1440 1630 1454 1674 ζ
1486 1643 1564 1682 quae
1579 1634 1655 1670 ma-¹

58 1704 141 1742 rgno
165 1694 245 1730 viro
273 1692 445 1742 obpofitae
460 1693 629 1735 fuerunt,
668 1693 704 1730 &
733 1704 778 1730 ex
797 1692 978 1742 prioribus
997 1691 1098 1729 facile
1116 1692 1328 1732 refutantur.
1364 1691 1460 1729 Cum
1481 1693 1577 1729 enirn
1597 1700 1655 1730 to-

63 1758 136 1792 tam
162 1752 365 1790 scholarum
386 1753 586 1791 doc‘irinam
608 1752 774 1791 funditus
797 1764 893 1789 nova
904 1753 1075 1789 circuitus
1098 1751 1237 1789 theoria
1264 1741 1449 1789 subr'ueret
1465 1779 1475 1793 ,
1514 1753 1654 1789 omni-a-

65 1823 137 1861 que
164 1812 222 1850 illa
250 1812 385 1862 ubique
406 1820 548 1862 recepta
583 1824 757 1851 venarum
781 1812 819 1849 in
846 1812 985 1848 morbis
1005 1810 1236 1849 secandarum
1265 1810 1466 1849 discrimina
1490 1810 1654 1861 superva-

64 1883 133 1908 cua
153 1871 345 1914 redderet,
386 1872 528 1917 infinita
551 1873 605 1909 vis
629 1872 699 1910 suit
717 1871 912 1909 hominum
928 1899 938 1914 ‚
974 1883 1067 1920 quos
1086 1881 1147 1909 aut
1164 1871 1392 1920 praejudicata
1407 1872 1534 1920 opinio
1549 1899 1559 1913 ‚
1593 1877 1654 1907 aut

66 1930 217 1967 demum
237 1931 372 1968 invidia
393 1933 431 1968 in
459 1931 495 1969 H
512 1944 531 1968 Α
546 1944 605 1969 Rv
619 1944 638 1969 E
654 1944 665 1968 1
680 1943 747 1970 um
767 1932 941 1973 armavit,
978 1937 1039 1968 aut
1064 1930 1177 1968 malus
1199 1919 1450 1979 pudor‘vetuit
1470 1929 1627 1967 deserere
1640 1957 1650 1973 ,

64 2001 148 2038 quae
174 1990 211 2026 &
241 1990 401 2037 juniores
424 1990 646 2032 didicerant,
683 1991 720 2027 &
742 1990 839 2027 senes
863 1997 952 2027 tunc
971 1991 1128 2027 maxime
1147 1989 1336 2026 docebant.

125 2046 171 2086 Et
188 2047 373 2094 johannes
400 2048 549 2098 quidem
569 2048 601 2086 R
616 2061 628 2085 1
645 2061 667 2085 o
681 2061 700 2085 L
712 2061 734 2085 A
747 2061 771 2085 N
788 2062 809 2085 u
824 2062 839 2086 s
871 2061 915 2085 eo
937 2048 1057 2086 seculo
1078 2050 1247 2098 princeps
1263 2049 1554 2087 anatomicorum
1569 2077 1578 2091 ‚
1616 2049 1654 2085 ὃς

66 2106 222 2145 aliorum
243 2106 380 2155 judicio
396 2135 405 2151 ‚
438 2108 474 2146 δε
499 2109 662 2160 inprimis
682 2107 745 2146 suo
757 2137 767 2152 ,
806 2108 1007 2158 aspernatus
1026 2106 1097 2145 HA
1110 2120 1134 2145 a
1148 2120 1169 2144 v
1185 2119 1205 2144 E
1218 2118 1231 2144 1
1248 2119 1260 2143 1
1292 2106 1504 2145 modestiam
1517 2137 1527 2152 ,
1560 2108 1655 2146 mul-

1610 2179 1654 2206 tls

111 2270 182 2309 (s)
207 2272 281 2305 Ibid.
310 2272 346 2304 T.
365 2273 430 2306 VH.
453 2284 480 2313 p.
505 2275 573 2305 226.
601 2275 641 2305 Ea
669 2275 757 2306 verba
781 2285 846 2307 cum
878 2279 938 2304 tota
959 2273 1106 2312 theologia
1131 2273 1236 2304 Pesssca
1257 2274 1346 2305 sumta
1372 2274 1435 2305 sunt
1459 2284 1495 2305 ex
1521 2285 1657 2313 compen-

70 2313 120 2343 dio
134 2321 263 2351 tempore
281 2314 366 2352 Regis
380 2316 403 2345 A
414 2326 429 2345 a
440 2327 456 2345 B
469 2326 489 2346 A
502 2326 515 2346 s
531 2317 608 2346 edito
619 2339 626 2352 ‚
652 2317 680 2347 H
692 2327 710 2346 Λ
722 2327 740 2346 a
751 2328 768 2347 v
782 2328 797 2347 xz
813 2329 822 2346 1
837 2327 853 2347 0
871 2316 985 2354 quidem
1001 2316 1088 2345 coaevi
1103 2337 1111 2350 ‚
1133 2314 1181 2346 sed
1195 2316 1266 2346 adeo
1280 2316 1382 2354 exigua
1404 2317 1543 2355 temporis
1557 2317 1659 2346 distan-

69 2354 111 2383 tia
123 2353 157 2383 ab
172 2364 207 2384 eo
227 2356 348 2392 remoti,
375 2366 430 2395 qua
444 2366 479 2387 ne
502 2358 531 2387 in
560 2358 672 2397 Europa
703 2359 818 2397 quidem
842 2367 916 2387 nova
936 2357 1039 2386 veritas
1063 2356 1127 2386 satis
1152 2364 1200 2387 aut
1223 2365 1292 2387 nota
1311 2357 1365 2387 fuit
1386 2364 1434 2387 aut
1463 2364 1596 2396 recepta,
1627 2358 1658 2387 in

72 2394 263 2427 remotissimis
286 2406 355 2426 vero
376 2398 506 2435 gentibus
529 2398 556 2428 H
569 2409 587 2428 A
602 2408 619 2430 R
634 2407 653 2429 v
665 2409 679 2429 a
693 2410 704 2430 ι
718 2410 729 2430 ι
749 2399 837 2431 libros
851 2400 940 2430 lestos
958 2396 1057 2436 fuisse,
1092 2407 1150 2429 non
1176 2398 1324 2438 probabile
1343 2398 1465 2431 videtur.

112 2435 189 2474 (g)
213 2435 246 2467 In
268 2446 361 2477 progr.
385 2439 417 2469 de
439 2440 641 2471 inventoribus.
