2003 2748
346 138 425 182 358
674 154 679 160 -
851 130 1175 171 LJB.JV.
1240 131 1416 171 corz.

354 269 357 272 Α
405 230 458 269 Ex
486 227 685 268 numerosis
706 239 795 276 ergo
817 227 1049 266 cadaveribus
1068 236 1312 280 comparatam
1330 228 1607 279 descriptionem
1621 259 1631 273 ‚
1669 232 1816 272 brevem
1838 237 1941 285 equi-

343 290 438 337 dem,
459 300 658 326 nervorum
672 289 831 337 primarii
849 287 955 336 hujus
967 288 1120 326 musculi
1135 288 1230 326 dabo
1243 318 1252 332 ,
1282 291 1340 327 cui
1356 291 1503 328 iconem
1515 289 1649 337 lubons
1666 291 1835 330 adderem
1851 324 1860 338 ‚
1879 308 1939 333 me

339 348 511 399 'praesente
542 348 578 384 &
598 347 642 384 ad
671 346 815 385 difficile
838 360 931 397 opus
950 348 1165 397 discipulum
1193 351 1372 387 excitante
1388 378 1398 392 ‚
1433 363 1452 387 a
1470 349 1522 388 Cl.
1549 352 1615 387 AN
1630 363 1653 388 1)
1669 364 1688 388 e
1703 365 1724 388 R
1738 365 1753 389 s
1766 363 1786 388 c
1799 364 1826 388 Η
1848 353 1942 392 Got-

342 410 450 456 tingae
470 417 627 457 paratam
644 436 653 450 ‚
697 407 929 457 additamque
953 407 1185 456 disputationi
1213 411 1229 456 (
1250 410 1263 445 z·
1281 410 1300 457 )
1318 437 1328 451 ,
1369 421 1478 458 quam
1504 410 1548 446 de
1575 410 1630 447 his
1650 413 1768 448 nervis
1792 411 1944 450 solertis-

340 467 447 506 fimus
471 468 613 515 juvenis
643 475 898 516 praeparaverat
917 496 927 510 ,
964 467 1089 504 infelix
1115 479 1199 504 vero
1215 469 1366 506 morbus
1392 470 1506 506 vetuit
1527 469 1643 507 edere.
1678 470 1764 508 Eam
1791 471 1943 520 quidem

340 528 486 564 iconem
506 527 569 565 sub
595 527 710 564 oculis
734 527 851 564 habeo
867 556 876 570 ‚
914 527 1083 565 nondum
1099 535 1219 564 autem
1242 529 1298 576 jus
1315 528 1485 581 acquifivi
1502 529 1658 568 edendae.
1699 530 1818 568 Multa
1844 533 1944 580 equi-

341 587 427 624 dem
454 588 491 624 in
517 587 583 624 hac
610 586 741 625 fabrica
774 588 921 624 varietas
957 587 1030 631 est,
1075 588 1279 637 praecipuos
1314 597 1436 626 tamen
1466 601 1613 632 ramos,
1659 590 1694 628 δε
1723 591 1944 629 constantio-

338 658 394 684 res
420 647 622 684 recensebo.

400 706 441 743 In
462 706 593 744 dextro
620 718 709 755 ergo
732 706 840 757 latere
861 718 992 744 nervus
1016 705 1205 755 supremus
1230 714 1291 745 aut
1311 706 1542 756 superficialis
1563 709 1675 746 cordis
1692 737 1700 752 ,
1737 711 1852 748 oritur
1871 712 1946 759 pri-

339 767 454 803 mario
481 778 526 803 ex
545 766 697 815 gangho
720 766 885 803 cervicali
908 766 1077 815 supremo
1104 767 1160 814 (k
1177 767 1197 814 >
1214 796 1222 809 ,
1262 768 1363 814 cujus
1376 768 1530 810 radices,
1568 769 1603 805 δι
1626 781 1793 806 maximae
1819 770 1854 806 &
1873 783 1943 808 nu-

338 824 554 863 merofiores
572 854 582 868 ,
613 838 658 863 ex
678 827 796 863 nervis
813 825 894 863 sunt
909 825 1142 864 cervicalibus
1158 855 1168 868 ,
1191 838 1209 863 a
1229 828 1349 876 primo
1372 830 1388 875 (
1408 827 1423 864 l
1439 828 1459 875 )
1476 856 1485 871 ,
1508 840 1527 864 a
1547 839 1650 865 ramo
1667 830 1761 866 inter
1781 830 1943 878 primum

341 886 377 936 ἃ
402 885 602 924 secundum
633 892 929 923 communicante
954 887 971 931 ζ
986 898 1022 922 m
1040 886 1060 933 )
1077 914 1086 928 ‚
1123 885 1283 923 secundo
1302 888 1318 933 (
1333 888 1386 933 n)
1404 916 1413 929 ,
1440 888 1475 923 ὃς
1496 889 1604 924 tertio
1622 889 1639 934 (
1654 899 1671 924 o
1687 888 1724 934 >t
1758 888 1874 938 aliqua
1890 898 1945 927 ta-

339 957 425 981 men
446 947 552 982 etiam
577 957 656 994 pars
682 958 701 982 a
726 947 895 987 cerebro,
931 957 1024 994 aque
1055 945 1166 982 mistis
1199 947 1316 994 quinti
1335 948 1428 995 paris
1447 947 1467 995 (
1480 947 1540 994 p)
1572 948 1607 984 &
1633 947 1722 985 sexti
1748 948 1767 996 (
1787 948 1841 995 q)
1856 960 1945 998 pro<-

338 1006 533 1053 paginibus
555 1005 702 1042 accedit.
739 1005 770 1042 A
796 1017 900 1042 nono
931 1002 1128 1053 aliquando
1158 1018 1275 1043 nervo
1297 1034 1306 1047 ‚
1351 1018 1444 1055 aque
1474 1007 1601 1044 ostavo
1639 1008 1722 1058 (s)
1759 1007 1908 1046 demum
1926 1037 1937 1051 ,

337 1064 454 1113 aliqua
485 1064 650 1102 medullae
681 1076 796 1113 penus
828 1063 872 1101 ad
903 1064 979 1100 haec
1001 1065 1179 1112 ganglion
1198 1064 1359 1105 ‚advenit
1377 1094 1386 1108 ,
1422 1066 1524 1115 quod
1553 1066 1638 1104 alibi
1669 1066 1849 1116 copiofius
1865 1067 1948 1105 des-

338 1122 450 1173 cripfi.
486 1122 540 1162 Ex
564 1136 608 1161 eo
626 1123 717 1161 adeo
732 1123 882 1172 ganglio
904 1125 1010 1171 prior
1034 1124 1142 1161 radix
1163 1125 1183 1173 (
1202 1125 1249 1171 t)
1271 1126 1376 1174 nervi
1399 1126 1554 1163 cardiaci
1571 1125 1732 1175 supremi
1756 1129 1944 1177 provenias

338 1183 488 1222 Accedit
528 1183 634 1221 altera
671 1196 716 1221 ex
752 1182 864 1233 plexu
894 1186 909 1230 (
927 1196 949 1219 u
966 1183 981 1228 )
997 1212 1005 1226 ‚
1060 1196 1169 1233 quem
1205 1186 1307 1221 nervi
1345 1184 1461 1222 molles
1481 1214 1490 1227 ‚
1538 1187 1582 1222 ab
1623 1186 1754 1223 eodem
1787 1187 1946 1235 ganglio:

337 1245 428 1285 nati,
451 1255 536 1280 cum
550 1243 766 1292 pharyngeo
783 1243 896 1280 ociavi
913 1244 1006 1291 paris
1023 1255 1136 1286 ramo,
1161 1255 1319 1292 cumque
1335 1244 1506 1293 laryngea
1527 1244 1685 1291 ejusdem
1702 1247 1792 1294 paris
1809 1258 1947 1295 propa--

336 1305 442 1350 gine,
467 1303 635 1339 conmisti
660 1311 902 1351 componunt.
940 1302 1053 1339 Iidem
1078 1303 1247 1340 carotidis
1268 1311 1424 1340 externae
1449 1316 1568 1341 ramos
1587 1304 1806 1353 sequuntur,
1827 1297 1947 1354 inque·

335 1374 374 1399 ea
398 1363 523 1399 arteria
543 1363 734 1411 proprium
749 1361 934 1411 ganglion,
946 1359 1108 1399 efficiunt
1126 1362 1227 1409 (x),
1253 1374 1324 1411 qua
1341 1370 1489 1400 truncus
1505 1365 1541 1400 in
1559 1363 1776 1400 cerebralem
1795 1372 1943 1402 ramum

337 1422 372 1460 δέ
397 1421 559 1459 facialem
575 1421 732 1459 discedit.
768 1420 856 1458 Vidi
879 1420 1050 1459 eumdem
1074 1421 1278 1459 cardiacum
1299 1434 1454 1459 nervum
1475 1435 1493 1459 a
1511 1421 1588 1460 solo
1606 1422 1732 1460 ociavo
1758 1425 1832 1472 pari
1853 1436 1947 1473 pro*

334 1480 448 1526 driffe,
469 1492 509 1519 ut
523 1481 681 1518 radicem
695 1481 799 1518 aliam
813 1488 962 1518 truncus
975 1480 1096 1517 ederet
1106 1509 1115 1523 ,
1133 1481 1236 1518 aliam
1253 1493 1384 1519 nervus
1400 1481 1593 1531 laryngeus
1606 1511 1616 1525 ,
1632 1483 1676 1519 ab
1694 1483 1826 1520 eodem
1838 1490 1947 1522 trun-2

334 1553 379 1578 co
396 1550 511 1579 natus.
544 1540 752 1590 Aliquando
766 1542 922 1578 omuino
944 1540 1064 1578 nullus
1078 1553 1209 1578 nervus
1228 1541 1410 1579 cardiacus
1429 1541 1614 1591 supremus
1644 1542 1740 1579 adest
1754 1571 1763 1585 ‚
1792 1543 1945 1594 ejusque

332 1599 458 1638 locum
475 1600 615 1650 subplet
629 1601 748 1648 junCta
774 1612 818 1637 ex
841 1609 974 1638 trunco
990 1600 1208 1638 intercostali
1228 1601 1264 1638 δι
1280 1612 1325 1638 ex
1341 1598 1497 1650 ‘ganglio
1522 1601 1738 1651 thyreoideo
1754 1614 1932 1652 propago.

394 1660 558 1706 Quando
587 1660 706 1703 adest,
758 1660 794 1697 &
827 1660 924 1699 adest
950 1662 1077 1709 utique
1105 1660 1327 1710 frequentius
1344 1689 1354 1704 ‚
1405 1670 1494 1699 tunc
1526 1652 1709 1699 descendit
1737 1661 1940 1700 secundum>

333 1718 581 1768 thyreoideam
618 1719 828 1769 glandulam
842 1749 852 1763 ,
903 1721 939 1757 &
969 1719 1125 1769 asperam
1161 1721 1325 1758 arteriam
1341 1749 1351 1763 ‚
1406 1721 1466 1758 dat
1495 1720 1655 1759 surculos
1699 1720 1941 1771 hyothyreoi-

333 1778 404 1816 deo
430 1779 626 1828 aliquando
655 1779 845 1821 musculo,
883 1780 965 1817 alias
995 1779 1373 1829 thyreopharyngeo‚
1421 1780 1733 1830 cricopharyngeo
1764 1782 1799 1817 &
1822 1783 1937 1818 erico-

332 1837 572 1888 thyreoide0‚
624 1839 661 1875 δι
693 1838 912 1886 thyreoideae
946 1838 1153 1886 glandulae,
1200 1840 1236 1875 &
1265 1836 1408 1875 ramulo
1433 1839 1555 1888 aliquo
1584 1841 1801 1888 plerumque
1820 1868 1828 1881 ,
1873 1847 1935 1877 aut

332 1897 496 1947 pluribus
524 1899 651 1940 ramis,
680 1909 765 1935 cum
785 1905 991 1936 recurrente
1014 1896 1129 1935 octavi
1151 1898 1243 1947 paris
1268 1898 1471 1948 propagine
1496 1901 1744 1936 communicat
1764 1926 1774 1940 ,
1807 1906 1867 1936 aut
1884 1900 1936 1936 vi-

1822 1957 1935 1996 ciffim

373 2063 385 2099 (
404 2066 414 2093 i
435 2065 448 2097 δ
471 2064 538 2096 Eius
561 2063 673 2093 interim
691 2062 784 2095 literas
800 2064 914 2102 citabo,
942 2064 1105 2101 adjecimus
1197 2064 1244 2101 (p
1262 2065 1276 2098 ὃ
1298 2064 1342 2095 ΙΙΙ.
1372 2064 1431 2095 ΜΕ
1446 2073 1524 2095 κει.
1554 2064 1587 2093 de
1612 2065 1712 2104 quinto
1735 2072 1802 2102 pare
1825 2065 1853 2094 in
1872 2074 1936 2096 orn-0

331 2106 400 2136 huic
417 2106 559 2134 voiumini
574 2130 580 2137 ,
610 2105 627 2134 s1
647 2115 713 2135 cum
729 2105 833 2134 familia
855 2107 886 2136 el
918 2108 1102 2138 Amase-n,
1156 2105 1241 2136 nibus
1263 2106 1368 2144 figuti&

332 2147 943 2186 cumqnetypographolicutrittmnfigere.
1197 2149 1209 2182 <
1235 2148 1283 2185 q)
1308 2148 1386 2176 Idem
1412 2147 1479 2176 ibid.

376 2189 385 2220 (
402 2190 419 2215 lv
438 2191 446 2219 )
470 2188 541 2216 Tab.
567 2194 623 2215 art.
645 2198 722 2217 max.
750 2189 781 2216 in
801 2187 876 2225 Fafiz
908 2189 940 2219 11.
968 2189 989 2217 A
1005 2197 1039 2217 sc
1055 2197 1076 2217 u
1090 2197 1106 2218 ε
1200 2187 1212 2223 (
1235 2198 1246 2216 s
1269 2189 1281 2223 )
1305 2188 1354 2218 Per
1372 2188 1463 2217 aliena
1474 2187 1691 2224 experimenta,
1711 2198 1769 2217 non
1787 2198 1857 2217 mea.
1876 2189 1934 2219 Ha-

332 2227 368 2257 de
381 2230 472 2264 primo
493 2229 558 2263 pari
580 2238 732 2257 nervorum
746 2231 870 2259 cervicis.
888 2230 906 2260 f.
934 2239 956 2268 3.
981 2238 1008 2267 4.
1158 2228 1207 2258 bet
1233 2229 1254 2256 V
1270 2239 1307 2258 11
1322 2239 1340 2258 υ
1355 2238 1367 2258 s
1382 2239 1393 2258 s
1411 2239 1425 2258 n
1440 2239 1458 2257 N
1475 2237 1488 2257 s
1514 2228 1571 2258 tab.
1603 2237 1648 2262 23.
1670 2236 1699 2265 p.
1730 2239 1757 2267 q.
1788 2228 1829 2258 ΙΙΙ.
1854 2230 1885 2260 Μ
1902 2239 1932 2259 ε,

376 2272 386 2301 (
409 2270 419 2296 Ι
441 2270 452 2300 )
477 2267 545 2296 ibid.
577 2269 595 2297 f.
628 2279 654 2303 4.
678 2274 710 2297 Σ.
1159 2280 1178 2299 1(
1194 2280 1210 2298 E
1225 2280 1240 2297 ιι
1266 2269 1282 2299 l.
1314 2280 1337 2298 c.
1364 2280 1410 2307 95.
1436 2279 1471 2298 ex
1493 2270 1577 2298 unica
1598 2268 1804 2300 observatione.

374 2309 718 2343 (m)ASCHRibid.
747 2320 772 2340 2.
799 2310 817 2340 f.
857 2310 1103 2348 3.ulll.Mss-
1197 2309 1549 2345 (t)Tab.AND.m.

331 2359 352 2380 K
364 2359 377 2378 n
390 2360 405 2377 ι»,
431 2348 448 2377 f.
479 2358 502 2379 ι.
534 2355 581 2383 98.
1197 2354 1209 2386 (
1227 2361 1247 2379 u
1265 2352 1277 2386 )
1302 2351 1374 2380 Vide
1389 2348 1491 2388 Καὶ-ΞΕ.
1507 2350 1542 2381 u.
1553 2357 1609 2380 art.
1625 2352 1735 2386 maxill.
1749 2353 1803 2383 int.
1821 2349 1928 2391 ηομ-βξ

372 2389 384 2425 (
405 2390 453 2425 n)
477 2388 548 2418 ibid.
563 2389 632 2418 Tab.
647 2391 737 2422 Auo.
756 2402 769 2421 e
785 2393 811 2424 h.
828 2392 903 2423 Asc
921 2402 942 2423 u
955 2402 972 2423 ε
993 2392 1012 2424 f.
1032 2401 1058 2432 3.
1077 2392 1102 2425 ξ.
1193 2392 1207 2428 (
1225 2393 1274 2431 x)
1296 2391 1366 2423 lbid.
1398 2393 1425 2422 δι
1447 2390 1505 2422 diff.
1532 2392 1580 2423 cit.>

372 2430 413 2470 (ο
432 2431 446 2469 )
468 2429 539 2462 lbid.
563 2431 633 2471 fay.
652 2428 672 2458 ὃ.
782 2453 832 2470 m.-
