2003 2748
464 169 774 220 'SE'C'TL
837 174 1258 215 ARTERIAE‘
1603 181 1653 220 ες

74 270 210 330 [quem
239 279 296 317 alii
324 277 511 326 scriptores
544 277 619 323 (n)
651 274 760 311 secuti
792 273 905 316 sunt,
923 273 938 320 ]
978 273 1014 308 &
1052 272 1187 308 intimae
1218 269 1436 307 membranae
1466 279 1522 305 eas
1554 267 1661 306 fibras

57 337 203 380 tribuit.
252 337 397 377 Deinde
424 335 482 372 alii
518 334 613 372 Clari
638 333 719 370 Viri
747 333 901 369 omnino
931 329 1045 368 adeffe
1069 329 1246 378 ejusmodi
1274 328 1377 366 fibras
1407 340 1453 365 ex
1486 339 1530 365 eo
1557 335 1661 376 puta-

75 407 160 437 runt
187 399 262 445 (ο)
291 397 447 446 liquere,
484 393 585 443 quod
613 394 738 429 arteria
765 390 901 429 diffecta
925 389 958 427 se
984 389 1099 427 valide
1123 389 1294 431 retrahat,
1332 387 1660 436 &longitudinem

73 458 171 496 suam
190 458 354 494 minuat:
390 461 495 502 atque
525 452 563 489 id
590 452 738 500 quidem
768 451 1040 500 phaenomenon
1061 458 1200 486 certum
1230 448 1301 490 est,
1336 449 1446 497 inque
1475 448 1577 484 omni
1604 446 1657 496 sy-

73 517 162 554 stole
180 516 303 552 arteria
328 513 473 568 brevior
501 510 559 554 fit,
594 512 647 547 uti
675 512 712 547 in
742 509 888 546 diastole
915 508 973 546 sua
994 509 1142 557 longior
1163 508 1334 545 redditur.

132 575 271 612 Verum
304 579 470 610 anatome
502 571 539 607 &
566 569 848 618 microscopium
872 569 1026 606 omnino
1054 567 1157 605 fibras
1180 565 1450 621 longitudinem
1470 565 1657 615 sequentes

74 644 262 682 nunquam
284 630 568 671 demonstravit,
599 635 660 666 aut
687 628 795 670 mihi,
831 635 892 665 aut
915 627 1014 669 aliis,
1052 633 1134 664 ante
1160 639 1242 668 me,
1277 625 1532 675 scriptoribuS‚
1568 637 1658 674 quo-

71 705 155 729 rum
186 691 392 729 auetoritate
420 701 538 726 meam
564 695 670 726 tueor
697 688 782 735 (p).
834 687 965 736 Neque
991 685 1099 735 p'ncas
1122 686 1255 736 aliquas
1282 686 1417 722 intimae
1440 684 1658 722 membranae

71 751 144 789 huc
164 751 301 788 trahere
329 755 501 799 oportet:
537 758 656 796 neque
683 754 804 785 tutum
829 747 878 784 est
895 775 905 789 ‚
941 746 1088 783 fabricas
1112 746 1156 783 ad
1183 745 1423 794 phaenomena
1449 755 1660 781 accommo-

72 810 165 847 dare.
217 809 273 847 Ad
292 806 550 858 producendos
571 808 669 844 enim
694 805 836 843 effeetus
862 805 936 842 aliae
960 805 1068 842 causae
1090 805 1198 843 latere
1222 802 1389 854 possunt,
1418 803 1461 840 ab
1482 804 1524 840 iis
1542 803 1658 841 diver-

70 868 133 912 sae,
168 881 247 918 quae
274 868 402 907 nostrae
424 867 592 916 opinioni
609 866 733 915 primae
751 862 847 902 ultro
866 864 899 901 se
921 864 1089 902 offerunt.

553 990 586 1036 ὃ.
620 984 760 1023 VIII.
824 983 987 1033 Cellulofa
1017 985 1174 1022 interior.

131 1095 230 1133 Inter
251 1094 466 1133 musculosas
487 1094 590 1132 fibras
614 1095 747 1131 arteriae
768 1094 1005 1142 intimamque
1025 1094 1273 1131 membranam
1298 1092 1464 1130 cellulosa
1482 1092 1548 1129 alia
1566 1091 1662 1134 tela)

71 1162 113 1194 :ut
140 1157 233 1192 inter
259 1166 386 1191 omnes
409 1154 460 1192 sui
482 1153 662 1191 dissimiles
683 1153 908 1194 membranas
930 1152 1131 1192 intercedit.
1175 1151 1378 1190 Brevissima
1395 1164 1434 1189 ea
1453 1151 1501 1187 est
1516 1179 1524 1193 ‚
1551 1151 1587 1188 δε
1606 1158 1659 1188 te-

72 1215 176 1256 nuis,
208 1214 244 1250 Sc
271 1213 401 1261 absque
429 1213 552 1262 adipe,
583 1213 620 1249 ὃς
649 1213 775 1260 aegrius
805 1211 1068 1248 demonstratur
1088 1239 1098 1253 ,
1133 1212 1381 1248 auetoritatem
1405 1218 1527 1247 tamen
1551 1210 1659 1246 habet

71 1272 115 1309 ab
135 1271 187 1309 Ill.
210 1271 251 1308 B.
276 1270 646 1320 Szsegfi·idAL1³1N0
673 1271 769 1318 (q),
805 1283 824 1308 a
857 1270 1162 1308 WALTHERO
1188 1271 1269 1317 (r)
1288 1298 1297 1312 ‚
1331 1268 1474 1317 aliisque
1495 1268 1576 1314 (s)
1601 1267 1655 1305 Cl.

71 1329 179 1371 Viris.
214 1330 259 1371 Et
283 1331 431 1380 quidem
452 1338 591 1368 certum
611 1330 682 1373 est,
710 1332 802 1367 inter
825 1330 983 1367 tunicam
1009 1341 1192 1372 carneam,
1228 1331 1392 1377 interque
1414 1328 1579 1364 intimam
1599 1326 1659 1364 fia-

71 1402 160 1428 vum
183 1402 265 1427 eum
284 1389 431 1429 succum
459 1390 616 1432 effundi,
643 1390 705 1440 qui
725 1388 872 1427 callosus
893 1390 1013 1437 primo
1041 1388 1140 1437 (t),
1175 1388 1305 1425 deinde
1333 1386 1448 1424 osseus
1465 1385 1526 1429 fit,
1558 1387 1594 1422 ὃς
1620 1388 1659 1423 in,

73 1448 232 1498 squamas
260 1449 363 1486 duras
389 1449 457 1486 late
475 1461 539 1497 per
564 1450 727 1486 arteriam
745 1449 902 1496 rigentes
931 1448 1023 1490 abit,
1058 1459 1136 1495 quae
1164 1449 1257 1484 inter
1284 1448 1450 1484 intimam
1479 1457 1659 1482 carneam-

74 1520 145 1556 que
162 1509 409 1545 membranam
434 1508 561 1544 mediae
587 1508 872 1555 intercipiuntur.
923 1506 1134 1543 Steatomati
1162 1505 1317 1543 adfinem
1340 1504 1526 1542 craffitiem
1544 1516 1659 1541 mem-

71 1567 192 1607 branae
210 1568 344 1603 intimae
364 1566 436 1604 huc
453 1565 590 1608 refero,
626 1577 704 1614 quae
721 1567 884 1602 arteriam
910 1563 1119 1601 obstruxisse
1145 1564 1212 1601 visa
1230 1564 1279 1600 est
1297 1564 1392 1611 (u).
1443 1562 1660 1601 Intnmesce-

73 1637 111 1661 re
133 1626 239 1661 etiam
257 1625 396 1661 molem
418 1626 492 1670 ejus
510 1624 703 1667 cellulosae,
734 1630 774 1660 ut
794 1622 910 1671 thlipfi
927 1632 1026 1660 enata
1047 1625 1180 1661 arteriae
1205 1623 1313 1660 tubus
1338 1622 1507 1664 arctetur,
1537 1622 1681 1659 auetor‘

73 1683 123 1721 est
144 1683 281 1734 semper
308 1684 507 1721 honoratus
532 1683 622 1721 mihi
652 1683 688 1720 ὃς
715 1681 924 1720 venerabilis
949 1681 1151 1732 Praeceptor
1176 1681 1202 1719 Β
1216 1693 1238 1719 o
1253 1693 1272 1718 Ε
1287 1693 1345 1718 RH
1359 1693 1380 1717 A
1393 1693 1416 1718 A
1428 1694 1450 1718 v
1465 1693 1478 1723 ,Ι
1493 1692 1514 1717 υ
1528 1693 1542 1717 s
1568 1682 1654 1727 (x),

695 1805 726 1847 ς.
761 1799 843 1840 ΙΧ.
889 1800 1032 1839 Intima.

133 1911 267 1950 Intima
297 1914 505 1951 membrana
534 1912 667 1949 arteriae
691 1910 801 1953 levis,
831 1910 1022 1948 uniformis
1043 1939 1053 1954 ,
1084 1916 1204 1948 tenera
1224 1939 1233 1953 ,
1266 1911 1413 1947 internae
1440 1909 1657 1946 membranae

1538 1967 1656 2005 cordis

118 2085 184 2123 (n)
208 2087 395 2118 Euneos
423 2088 470 2126 qui
492 2087 604 2117 iconem
630 2087 709 2117 dedit
734 2087 752 2117 1.
766 2096 788 2117 c.
815 2086 874 2117 f.6.
896 2089 927 2125 J.
948 2087 1048 2116 Petrus
1066 2085 1294 2115 ALBRRCHT
1314 2082 1380 2114 Diss.
1397 2083 1430 2112 de
1447 2083 1555 2112 admiu.
1575 2087 1656 2112 anas.

75 2137 138 2166 Fag-
164 2137 212 2165 23·

118 2169 179 2203 (o)
202 2170 288 2198 Laztr.
313 2169 504 2199 Hexsrssss
528 2169 561 2197 de
581 2170 658 2197 vulz.
680 2174 734 2197 art.
756 2178 831 2198 cr.ur
857 2178 885 2197 n.
903 2175 952 2205 ας.

118 2209 588 2245 (p)J.3.Mo1³cAc.Nus
614 2211 667 2237 aiz
667 2207 721 2247 es
746 2216 824 2238 anit.
850 2209 868 2238 l.
889 2218 912 2239 c.
940 2208 971 2237 C.
996 2207 1080 2237 Gottl.
1106 2207 1283 2237 Lunwxc.
1307 2206 1395 2237 locm
1380 2207 1428 2236 cit.
1454 2215 1483 2237 n.
1507 2214 1550 2243 19
1570 2202 1606 2236 G.
1622 2205 1653 2235 A.

76 2249 229 2279 LANGG
211 2259 326 2279 UTI-1
355 2256 440 2279 nrter
462 2250 617 2279 civicord.
636 2251 723 2279 amal
743 2256 838 2279 mm
866 2259 893 2286 p.
920 2254 966 2282 28.

118 2289 289 2328 (q).Apud
311 2291 356 2319 'w
367 2300 657 2320 assumptorum
680 2290 830 2320 indiffrei
852 2296 938 2319 ιη’-ιω.
960 2288 1081 2318 hominis
1101 2298 1126 2326 p.
1146 2297 1193 2321 10.

118 2330 177 2367 (r)
200 2333 244 2360 De
263 2341 317 2359 ane
319 2329 422 2369 nr'tfin.

115 2370 447 2407 (1)Petr.TAR1N
475 2372 639 2408 asztrhopot„
643 2373 696 2400 mie
720 2371 806 2401 1111.
836 2381 862 2409 p.
886 2380 929 2401 10.

118 2411 181 2448 (t)
205 2409 330 2449 Opufiul.
353 2412 453 2441 Patmbo'
443 2423 490 2450 og.
518 2413 584 2443 Obsi
588 2423 655 2466 Γ47.

116 2453 181 2488 (ι)
204 2452 267 2481 Mo
278 2462 381 2482 inoo
407 2453 437 2482 in
456 2449 549 2491 Efflzjs
568 2451 601 2488 os
612 2464 629 2481 a
646 2454 751 2491 Society
770 2459 800 2483 at
819 2453 984 2490 Edimhurg
1010 2451 1046 2482 T.
1066 2450 1102 2481 II.
1126 2460 1153 2489 p.
1175 2459 1242 2489 271.

115 2493 292 2528 (κ’)Ρνακ.
317 2494 398 2523 Med.
424 2493 459 2523 T
479 2493 499 2523 1.
523 2504 550 2531 p.
579 2502 644 2529 234.

157 2535 284 2574 Halley
315 2535 501 2585 Phyfiolog
539 2537 648 2575 Toni.
685 2537 707 2576 Ι
925 2575 929 2578 ,
1210 2534 1228 2573 l
