2003 2748
327 152 407 193 112>
675 142 684 149 ’
796 147 1069 189 LIB.II.
1132 146 1369 190 VAS-A?

320 250 444 288 ficium
464 245 649 286 accesserit.
686 245 802 284 Facile
823 249 920 284 enim
949 259 1004 284 eas
1026 246 1109 284 oleo
1131 244 1380 283 terebinthinae
1411 244 1561 282 rubente
1591 243 1721 293 repleo.
1757 243 1805 283 Ea
1832 243 1905 282 vas-

319 310 398 348 cula
424 311 529 346 etiam
566 308 602 343 in
629 305 836 344 vulneribus
863 306 1031 355 adparere
1051 335 1060 349 ‚
1105 308 1216 355 inque
1241 304 1405 342 ichorem
1433 303 1558 340 stillare
1578 332 1586 346 ,
1624 306 1733 353 inque
1754 303 1832 341 fissis
1850 305 1906 341 in-

322 369 455 406 testinis
472 396 481 410 ,
527 366 613 404 alius
642 364 710 403 Vir
735 364 827 403 Clar.
861 365 999 403 addidit
1024 366 1148 414 (m):
1191 365 1227 402 &
1260 362 1374 412 posses
1406 363 1552 400 Antonii
1576 375 1606 399 v.
1639 361 1906 401 Lzeuww-

320 439 446 464 HOEC
462 437 511 462 141
530 438 544 462 ι
575 425 823 463 austoritatem
854 427 1007 462 excitare
1026 452 1035 467 ,
1086 426 1150 474 qui
1186 424 1222 460 ὅτ
1246 422 1322 460 vasa
1347 423 1559 460 rubentibus
1584 421 1742 471 globulis
1764 423 1908 460 minora

319 487 409 524 vidit
435 485 493 533 (n
515 486 556 530 )‚
588 485 624 521 Sc
654 484 718 522 alia
739 484 908 526 demum,
943 496 1022 533 quae
1047 483 1233 521 ducenties
1257 482 1384 519 millies
1401 482 1477 531 pilo
1500 483 1640 518 minora
1662 479 1771 518 essent
1796 482 1812 527 (
1831 493 1849 517 o
1869 480 1901 529 ).

378 544 520 582 Verum
545 544 649 581 latius
668 545 823 580 omnino
849 545 1057 581 arteriarum
1079 544 1265 580 minorum
1289 543 1482 590 imperium
1506 549 1647 590 patere,
1681 539 1741 577 etsi
1765 551 1843 577 non
1866 551 1907 577 u-

319 605 429 653 bique
452 604 542 641 adeo
564 603 755 640 manifestis
778 604 1033 652 experimentis
1056 601 1348 640 demonstrentur
1364 629 1373 642 ‚
1406 601 1537 638 addere
1564 607 1720 649 oportet.
1756 598 1906 637 Nullam

319 665 476 702 enimin
503 675 659 712 corpore
680 662 842 700 humano
866 662 1076 711 particulam
1105 659 1195 703 effe,
1243 660 1417 708 pergebat
1444 658 1511 696 Vir
1540 657 1592 696 Ill.
1624 661 1661 696 in
1685 671 1754 708 qua
1776 657 1834 695 vel
1861 669 1906 694 ex

316 722 601 761 inflammatione
619 750 628 764 ‚
668 719 725 758 vel
744 722 787 759 ab
809 720 993 758 artificiosa
1015 720 1209 767 injeetione
1230 718 1430 756 humorum
1453 718 1722 760 coloratorum,
1749 729 1826 754 non
1845 729 1906 766 pa-

317 784 402 820 riter
422 781 557 819 vascula
574 780 765 830 conspicua
787 780 981 818 reddantur
995 808 1004 822 ‚
1040 792 1118 829 quae
1132 807 1141 822 ,
1175 785 1258 816 ante
1277 790 1332 815 eas
1349 777 1464 815 causas
1477 806 1486 820 ,
1523 777 1672 814 oculum
1692 777 1904 824 fugiebant3

318 843 355 879 &
376 853 455 890 quae
478 852 605 883 nunc,
640 840 724 878 sebo
750 840 913 877 colorato
935 839 1041 882 farta,
1077 851 1204 876 omnes
1225 839 1434 876 arteriarum
1461 836 1565 874 dotes
1595 837 1812 885 exprimunt.
1847 834 1910 872 In·

318 902 464 942 tellina,
499 900 586 938 dura
606 900 744 937 cerebri
764 900 972 936 membrana
988 927 997 942 ,
1035 899 1071 935 &
1094 899 1175 948 pia,
1205 898 1241 934 &
1257 898 1380 933 omnia
1400 896 1473 933 fere
1497 898 1659 944 corporis
1675 894 1909 932 animalisve-

318 952 474 998 lamenta
489 959 757 1008 perinde-novis
778 959 839 996 &
831 959 1030 996 mnumeris
1042 957 1188 994 vasculis
1202 958 1433 1005 pinguntur,
1468 955 1615 1004 quando
1629 961 1702 991 arte
1712 952 1912 1003 Ruyschia-

317 1032 363 1071 na
385 1018 541 1056 arteriofi
567 1020 685 1056 trunci
715 1019 828 1067 perite
852 1018 978 1067 repleti
1004 1017 1160 1054 fuerunt.
1207 1015 1340 1063 Neque
1370 1012 1561 1051 difficulter
1592 1026 1631 1051 ea
1662 1013 1912 1062 experimenta

316 1080 475 1116 imitatus
498 1077 584 1115 sum.
621 1077 738 1114 Novae
767 1078 864 1114 enim
891 1089 1013 1114 earum
1041 1076 1331 1113 membranarum
1352 1072 1525 1112 arteriolae
1548 1072 1715 1111 facillime
1742 1071 1825 1110 oleo
1854 1077 1914 1119 te-†

316 1137 531 1176 rebinthinae
554 1138 670 1174 minio
693 1136 803 1173 tinsto
825 1135 1018 1185 replentur.

332 1246 335 1250 ἱ
378 1196 448 1234 Sed
477 1197 582 1233 etiam
608 1196 730 1233 morbi
758 1197 795 1232 in
823 1194 989 1233 universo
1016 1206 1170 1243 corpore
1200 1193 1361 1230 humano
1393 1192 1518 1230 eadem
1551 1191 1687 1229 vascula
1716 1190 1915 1240 conspicua>

318 1256 485 1293 reddunt.
523 1254 565 1292 ln
586 1266 718 1292 cornea
742 1254 951 1291 membrana
981 1253 1080 1290 oculi
1103 1264 1216 1290 nemo
1245 1251 1453 1288 mor-talium
1481 1263 1643 1300 unquam
1669 1250 1915 1298 sanguineum.

318 1307 512 1363 globulum
542 1313 655 1350 vidit:
692 1315 735 1351 in.
761 1325 800 1350 ea
832 1319 953 1350 tamen
982 1313 1145 1350 rubentia
1176 1311 1258 1349 vasa*
1278 1309 1513 1348 inflammatio
1543 1309 1730 1351 ostendit,
1768 1307 1794 1345 fi
1818 1307 1917 1345 fides-

319 1374 431 1412 Claris
448 1374 531 1410 viris
555 1373 612 1409 est.
650 1372 773 1414 Cutis,
812 1373 1029 1409 membranae
1049 1371 1204 1409 thoracis
1220 1399 1230 1413 ‚
1268 1369 1473 1407 abdominis
1489 1397 1497 1411 ,
1529 1368 1776 1410 inflammatae,
1811 1379 1917 1405 cere-2>

317 1435 426 1471 hrum
455 1432 540 1469 v-asls
557 1432 673 1469 rubris
689 1434 727 1468 ln
747 1431 844 1480 peste
868 1433 1030 1480 pingitur
1048 1432 1064 1477 (
1074 1438 1102 1478 p
1116 1430 1132 1476 >
1144 1458 1154 1472 ,
1180 1441 1259 1478 quae
1283 1431 1321 1466 in
1346 1429 1431 1466 sano
1448 1428 1597 1465 homine
1615 1427 1729 1465 visum
1747 1426 1902 1475 fugiunt.

318 1492 392 1543 ipsa
419 1491 528 1529 corda
542 1490 736 1528 hominum
757 1503 775 1527 a
792 1490 891 1527 febre
913 1490 1069 1538 maligna
1088 1489 1297 1526 eneecorum
1317 1486 1609 1525 rubicundissima
1625 1487 1796 1536 adparent
1814 1484 1916 1535 (q).

318 1552 389 1589 Sed
411 1550 587 1598 ejusmodi
611 1551 859 1599 experimenta
883 1548 1158 1587 innumerabilia
1184 1548 1330 1585 exstant.

379 1611 523 1656 Quare,
559 1610 612 1647 uti
640 1609 813 1647 humores
831 1608 1003 1657 sanguine
1029 1609 1212 1646 tenuiores
1243 1607 1396 1649 dantur,
1437 1606 1551 1643 aiebat
1576 1604 1913 1647 PAAECEPTony

319 1672 366 1716 ita
398 1671 528 1717 pariter
563 1680 629 1716 pro
661 1680 705 1706 eo
741 1668 897 1706 humore
925 1664 1001 1704 {rasa
1036 1668 1181 1717 propria
1210 1666 1347 1704 Natura
1376 1665 1487 1708 fecit,
1533 1665 1569 1701 &
1593 1665 1757 1706 arterias,
1792 1663 1918 1700 rubris

321 1731 530 1770 continuas,
552 1740 642 1776 aque
654 1728 768 1765 rubrae
784 1729 916 1765 arteriae
932 1728 1091 1764 minimae
1102 1725 1245 1764 surculo
1259 1753 1269 1768 ‚
1292 1732 1475 1774 tamquam
1494 1723 1537 1760 ab
1562 1729 1660 1760 aorta
1679 1722 1756 1764 sua,
1776 1720 1918 1758 humo-—

321 1801 375 1826 res
397 1801 458 1826 eos
486 1788 528 1824 ad
553 1787 720 1824 destinata
741 1787 821 1825 loca
841 1787 969 1824 laturas
987 1814 996 1829 ,
1029 1787 1067 1823 ὃς
1088 1785 1234 1823 venulas
1251 1813 1261 1827 ‚
1296 1796 1375 1834 quae
1397 1784 1440 1821 ab
1463 1784 1504 1820 iis
1525 1779 1698 1820 arteriolis
1711 1782 1750 1819 in
1769 1780 1917 1829 sangui-·

322 1850 376 1885 nis
402 1845 542 1885 massam
572 1845 609 1881 id
633 1846 826 1888 revehant,
865 1845 966 1892 quod
985 1845 1071 1882 utile
1091 1844 1257 1894 superest,

382 1907 549 1945 Maximo
564 1903 684 1953 plausu
701 1904 775 1941 haec
786 1903 924 1941 theoria
940 1910 1081 1951 recepta
1093 1902 1182 1945 fuit,
1224 1902 1259 1938 ἃ
1280 1899 1550 1950 pauciffimiper
1561 1898 1742 1948 Europam
1764 1897 1919 1947 phyfioa'-

321 1967 423 2016 logi,
458 1966 501 2003 ab
533 1965 636 2000 annis
656 1963 729 2000 fere
756 1963 991 2012 quadraginta
1012 1962 1176 2004 fuerunt,
1210 1962 1272 2010 qui
1301 1961 1400 1998 aliter
1423 1960 1600 1997 senserint
1635 1959 1842 2010 Principum
1856 1958 1910 1995 vi-

316 2038 478 2064 -rorum
472 2023 536 2061 (Π
525 2024 675 2061 clarum
685 2021 968 2061 Boerhaavianae
1007 2022 1191 2071 opinionis
1218 2021 1368 2058 nomina
1393 2019 1510 2069 aliqua
1533 2018 1647 2067 adjeci
1681 2015 1795 2067 (r),
1829 2015 1911 2065 plu-j

322 2099 359 2123 ra
384 2083 556 2135 suppressi,

1661 2140 1691 2181 §—
1740 2133 1782 2173 X
1798 2132 1840 2172 X
1855 2128 1912 2173 Xt

367 2199 717 2235 (m)HtLv11-1us
743 2198 760 2227 l
787 2208 812 2228 c.

367 2241 441 2273 (η)
466 2241 572 2269 Arcan.
595 2240 693 2268 natur}
716 2238 809 2268 dete-ll.
829 2248 855 2276 p.
883 2249 927 2276 ις

367 2280 485 2318 (0)p·
516 2283 555 2309 1⁶

367 2319 931 2391 (p)SSauactraite¹delapessep.
958 2326 1015 2359 248
1044 2330 1111 2358 4ςο.

367 2362 471 2397 (ε)3
485 2359 1025 2399 ‘taurinusdeartejphstgmica.

366 2404 432 2442 (Τ)

454 2398 620 2441 franciscus
641 2401 668 2432 N
683 2411 722 2432 rc
736 2411 758 2433 Η
772 2411 847 2433 oux
861 2411 873 2435 s
890 2402 922 2434 in
940 2403 1088 2441 Contpcml.
1111 2400 1204 2436 Anat.
1220 2399 1317 2437 Oeten
1339 2408 1370 2438 p·
1388 2405 1416 2439 3.
1439 2398 1492 2435 Cn
1506 2408 1548 2435 ιι
1563 2408 1609 2431 ro
1623 2406 1646 2431 N
1666 2397 1804 2431 Win’r
1818 2405 1836 2425 ι
1850 2394 1911 2469 mg*

1778 2444 1871 2469 ena
