2003 2748
318 156 402 195 362
855 137 1170 182 LIB.IV.
1237 137 1413 179 COR.

311 245 439 283 faciem
463 243 646 281 emittunt.
680 239 749 278 Alii
777 240 814 277 &
841 239 1112 277 ante‘arteriam
1141 235 1392 287 pulmonalem
1415 262 1423 277 ‚
1472 232 1509 271 δε
1541 226 1641 271 retro
1669 244 1747 271 eam
1765 261 1773 276 ‚
1827 245 1913 272 cum

313 305 525 344 dextrorum
551 301 674 350 aliquo
697 302 801 338 etiam
825 311 926 337 ramo
953 297 1137 342 coniunffi
1152 325 1160 339 ,
1192 296 1383 345 posteriori
1405 293 1491 331 loco
1509 322 1517 336 ,
1553 304 1663 342 quam
1686 293 1816 342 reliqui
1833 305 1914 331 cor-

312 364 365 401 dis
383 364 502 403 nervi,
528 363 690 397 artesiam
706 361 934 397 coronariam
950 358 1122 395 sinistram
1135 385 1143 399 ,
1169 357 1202 392 &
1225 357 1490 404 cognominem
1507 353 1749 391 ventriculum
1765 352 1909 390 adeunt.

311 423 379 460 Alii
407 421 564 469 denique
588 422 631 457 ab
662 421 793 457 eodem
825 419 933 468 plexu
955 420 1048 460 nati,
1090 424 1187 453 retro
1219 416 1382 452 arteriam
1414 412 1664 462 pulmonalem
1683 441 1691 454 ,
1730 411 1772 449 ad
1799 411 1916 449 sinum

310 480 488 518 sinistrum
510 480 711 530 faciemque
736 479 856 517 cordis
876 477 1018 528 planam
1047 476 1202 514 tendunt
1219 503 1227 517 ‚
1267 487 1351 512 cum
1372 474 1489 511 nervis
1519 485 1536 510 a
1565 480 1771 510 recurrente
1800 473 1914 515 natis,

311 540 455 590 aliisque
468 540 623 588 supremi
640 539 888 577 cardiacorum
905 537 1051 575 surculis
1071 534 1247 573 conmisti.
1285 533 1432 573 Omitto
1451 545 1512 570 eos
1535 544 1654 569 ramos
1668 560 1678 574 ,
1703 543 1798 582 quos
1815 530 1915 569 idem

310 601 437 650 plexus
459 599 660 648 oesophago
685 600 770 642 dat,
808 599 844 635 &
870 598 996 647 asperae
1020 596 1155 633 arteriae
1170 623 1178 637 ,
1218 595 1254 630 ὃς
1278 603 1387 631 aortae
1409 592 1639 629 membranis.

265 653 268 654 ⁷
369 659 424 696 Ab
452 659 578 697 ottavo
602 671 683 708 pare
718 660 755 696 in
780 657 918 695 sinistro
937 657 1066 706 pariter
1088 655 1196 691 latere
1213 654 1301 690 rami
1327 654 1362 690 &
1383 651 1428 689 ad
1445 651 1595 701 plexum
1611 650 1815 688 cardiacum
1839 662 1913 688 ma-

310 731 426 768 gnum
447 721 462 767 (
484 719 506 755 ci
526 719 564 764 ),
607 719 642 755 &
669 718 712 756 ad
731 715 964 767 superficiales
985 723 1092 752 aortae
1115 713 1279 750 instratos
1302 714 1318 758 (
1336 724 1352 748 e
1372 711 1416 757 ),
1455 711 1490 747 &
1507 718 1603 747 retro
1627 717 1764 747 aortam
1784 711 1820 746 in
1837 709 1913 758 ple-

308 790 419 821 xum,
451 790 562 827 quem
588 778 664 815 dixi
686 775 762 825 (f)
781 806 790 820 ‚
827 778 863 813 Sc
888 776 931 813 ad
954 773 1177 825 pulmonalia
1203 771 1277 809 vasa
1303 772 1337 808 &
1369 770 1583 819 pulmonem
1621 769 1776 807 tendunt
1809 772 1826 817 (
1839 770 1910 816 g).

368 839 459 876 Tres
489 850 578 886 ergo
605 839 792 887 praecipuae
814 838 974 884 origines
995 834 1074 872 sunt
1096 844 1294 870 nervorum
1312 831 1452 873 cordis,
1486 828 1664 878 ganglion
1691 840 1824 878 nempe
1838 840 1916 865 cer-

310 898 423 936 vicale
449 897 655 947 supremum
674 925 682 939 ,
706 897 868 934 medium
883 924 891 937 ,
921 896 956 931 &
982 896 1118 932 imum:
1153 899 1223 930 tres
1248 893 1354 928 etiam
1372 901 1569 927 nervorum
1590 887 1771 931 fasciculi,
1823 899 1917 937 quo-

311 970 394 995 rum
426 958 584 994 maxime
615 956 765 1006 quidem
790 955 1006 1004 conspicuus
1031 960 1113 990 ante
1143 963 1315 1000 magnam
1345 951 1507 986 arteriam
1539 948 1706 986 advenit:
1748 947 1911 991 medius,

308 1017 480 1067 idemque
504 1018 701 1064 majoribus
726 1016 834 1053 faetus
850 1014 1019 1052 funiculis
1033 1042 1041 1056 ,
1072 1014 1164 1049 inter
1183 1011 1276 1051 duos
1292 1009 1445 1059 grandes
1466 1009 1675 1046 arteriarum
1695 1014 1844 1045 truncos
1867 1007 1914 1045 ad

307 1076 437 1113 faciem
465 1076 585 1114 cordis
616 1087 821 1114 convexam
849 1074 989 1112 tendit:
1024 1072 1226 1122 postremus
1243 1071 1401 1120 denique
1425 1076 1522 1106 retro
1541 1067 1727 1118 pulmonis
1747 1068 1913 1105 arteriam

306 1135 354 1174 ad
380 1135 509 1174 faeiem
533 1136 677 1186 planam
703 1134 893 1184 sinumque
913 1132 1091 1170 sinistrum
1110 1131 1238 1182 pergit.

538 1249 570 1290 ἓ.
607 1243 799 1282 XXVI.
864 1241 1304 1282 NerviW1LL1S11,
1344 1237 1681 1276 V1Eussssu11.

371 1355 565 1404 Sequitur,
601 1362 640 1392 ut
667 1353 822 1391 aliorum
855 1351 946 1390 Clar.
979 1352 1142 1389 virorum
1171 1348 1427 1398 descriptiones
1465 1358 1550 1384 cum
1579 1346 1669 1382 meis
1700 1356 1907 1393 conparem.

306 1413 461 1452 'Veteres
482 1426 608 1462 parum
640 1415 795 1451 omnino
816 1412 874 1449 hic
896 1411 1144 1461 praestiterunt.
1180 1407 1217 1445 V
1233 1420 1251 1444 E
1265 1419 1314 1445 sA
1328 1419 1348 1444 L
1365 1419 1377 1443 1
1395 1418 1418 1442 υ
1431 1418 1445 1442 s
1465 1407 1617 1443 unicum
1643 1406 1658 1452 (
1675 1403 1730 1451 h)
1757 1416 1912 1442 nervum

308 1473 430 1511 cordis
458 1472 646 1515 describit,
682 1474 725 1509 ab
755 1472 882 1509 octavo
912 1483 1022 1521 pare,
1069 1475 1109 1507 ut
1135 1480 1234 1505 nune
1267 1467 1479 1517 loquimur,
1520 1464 1686 1506 editum,
1728 1471 1768 1501 ut
1796 1465 1916 1501 omni-

308 1545 359 1570 no
392 1535 427 1569 in
457 1533 715 1582 posterioribus
745 1531 881 1581 scriptis
917 1529 996 1582 (i)
1026 1528 1090 1567 ΡΑ
1105 1541 1124 1565 L
1139 1540 1195 1565 Lo
1211 1539 1229 1564 P
1244 1539 1284 1563 11
1322 1528 1404 1575 (lc)
1439 1523 1629 1563 confilium
1667 1524 1814 1561 miratus
1843 1522 1884 1560 fit
1901 1551 1911 1565 ,

307 1595 372 1642 qui
399 1593 518 1642 plures
535 1592 637 1630 cordi
664 1604 794 1629 nervos
817 1591 958 1628 tribuat.
995 1589 1065 1627 Sed
1086 1589 1147 1625 iste
1164 1587 1314 1637 quidem
1331 1585 1399 1624 Vir
1422 1584 1474 1623 Cl.
1502 1585 1545 1621 ab
1571 1583 1699 1622 octavo
1715 1595 1798 1632 pare
1815 1611 1823 1625 ‚
1852 1581 1914 1620 sub

308 1654 526 1690 recurrentis
555 1653 697 1700 origine
725 1659 828 1689 natos
859 1662 1003 1693 ramos,
1050 1661 1070 1686 a
1095 1647 1203 1685 nobis
1229 1648 1360 1696 pariter
1393 1646 1568 1682 excitatos
1585 1672 1594 1687 ‚
1637 1643 1672 1679 &
1701 1644 1739 1679 in
1764 1637 1913 1692 plexum

308 1711 372 1749 sub
398 1712 557 1749 carotide
578 1712 800 1761 prodeuntes
819 1710 949 1752 habet,
983 1710 1019 1747 <Sc
1038 1708 1169 1758 quibus
1185 1706 1229 1744 ad
1246 1705 1365 1743 cordis
1390 1703 1486 1742 basin
1509 1704 1611 1741 nervi
1635 1704 1800 1744 veniant,
1836 1713 1915 1750 quae

307 1783 391 1808 vera
417 1771 566 1820 quidem
582 1799 590 1812 ,
633 1778 804 1808 caeterum
823 1782 901 1807 non
925 1770 1002 1806 satis
1027 1769 1131 1817 plena
1163 1766 1252 1803 sunt.
1297 1765 1444 1802 Thomna
1470 1763 1679 1801 erLLxs
1705 1761 1855 1798 divitem
1878 1760 1914 1795 &

308 1829 526 1867 laboriosam
548 1829 732 1866 historiam
760 1840 960 1866 nervorum
984 1827 1103 1865 cordis
1126 1825 1248 1866 dedit,
1288 1825 1473 1871 multaque
1502 1822 1635 1859 utiliter
1663 1821 1830 1857 monuit:
1875 1820 1913 1855 in

309 1889 462 1927 homine
486 1901 618 1937 nempe
638 1888 759 1938 plures
784 1899 903 1925 ramos
919 1887 963 1923 ab
980 1883 1200 1927 intercostali
1216 1894 1330 1920 nervo
1352 1893 1415 1918 cor
1435 1880 1552 1922 adire,
1577 1880 1612 1916 ἅ
1633 1881 1820 1927 pauciores
1844 1876 1915 1924 (l)

309 1949 354 1986 ab
381 1961 425 1986 eo
450 1956 581 1985 trunco
605 1950 642 1984 in
663 1948 777 1985 brutis
802 1946 1015 1984 animalibus
1036 1944 1226 1985 advenire,
1264 1953 1424 1990 quorum
1446 1952 1509 1976 cor
1530 1939 1604 1975 fere
1630 1940 1674 1975 ab
1706 1938 1833 1975 octavo
1856 1949 1917 1985 pa-

308 2020 349 2046 re
373 2008 455 2046 suos
480 2020 612 2045 nervos
635 2008 774 2047 habeat.
811 2005 974 2048 Verum,
995 2006 1048 2043 uti
1072 2003 1168 2041 idem
1191 2003 1228 2038 in
1250 1999 1426 2050 plerisque
1451 1998 1519 2036 suis
1536 1998 1672 2047 scriptis
1698 1998 1816 2036 bestiis
1836 1995 1916 2033 usus

310 2067 379 2105 effe
410 2067 571 2111 videtur,
614 2069 661 2104 ita
686 2066 803 2115 aliqua
827 2066 957 2108 habet,
994 2076 1072 2114 quae
1096 2063 1158 2101 vix
1184 2061 1227 2098 ab
1255 2059 1407 2097 homine
1430 2059 1557 2096 harum
1582 2069 1703 2095 rerum
1731 2068 1847 2104 gnaro
1876 2054 1917 2091 fi-

309 2127 396 2165 dem
413 2129 630 2177 impetrant,
673 2127 727 2164 uti
751 2126 825 2164 duo
850 2125 967 2164 oetavi
993 2125 1087 2174 paris
1109 2121 1254 2172 ganglia
1274 2119 1377 2168 (m)
1397 2129 1585 2169 nunquam
1613 2116 1702 2154 mihi
1731 2116 1822 2154 visa:
1858 2126 1917 2151 ve-

1839 2184 1916 2211 Iam

350 2303 366 2336 (
383 2301 430 2337 d)
452 2300 523 2331 ibid.
557 2310 600 2330 ιο.
1179 2295 1192 2332 (
1213 2298 1223 2325 i
1244 2297 1257 2333 )
1279 2295 1312 2326 In
1335 2295 1464 2323 examine
1491 2289 1627 2330 observat.
1648 2290 1767 2327 Fullopii
1790 2299 1818 2329 p.
1848 2294 1917 2324 108„

354 2342 574 2378 (e)15.17.
1179 2337 1253 2374 (k)
1274 2333 1387 2373 Ohfirv.
1417 2335 1509 2364 Anat.
1540 2343 1565 2370 p.
1592 2340 1658 2369 153.
1693 2341 1757 2366 151-

350 2383 367 2418 (
384 2381 432 2418 f)
459 2391 506 2418 32·
1180 2378 1220 2412 (l
1240 2379 1252 2415 )
1276 2380 1317 2407 De
1337 2377 1446 2404 cerebro
1474 2374 1512 2410 ’ἐξ
1535 2373 1631 2402 nervis
1653 2381 1679 2408 p.
1710 2376 1776 2409 ¹⁶4·

353 2422 428 2468 (g)
456 2432 500 2460 35·
529 2429 572 2459 34-
598 2431 646 2459 33·
1181 2419 1260 2458 (m)
1284 2416 1354 2448 Tab.
1376 2415 1429 2448 lx.
1452 2414 1486 2447 G.
1514 2414 1547 2452 Gr
1577 2413 1613 2446 K.
1639 2412 1675 2445 K.
1701 2412 1736 2445 Κ,

354 2464 431 2502 (1))
452 2473 480 2502 p.
508 2468 572 2501 508.
602 2471 670 2503 524.
697 2463 728 2493 LA
748 2462 798 2494 Vl.
824 2462 844 2493 f.
871 2466 898 2493 6.
