2003 2748
241 119 327 165 '498
780 116 1104 157 LIB.IV.
1171 116 1345 158 COR.

241 214 459 266 posteriores
484 214 528 251 ab
555 213 635 263 ipfiS
662 213 830 251 auriculis
867 213 1058 251 ventriculi
1093 216 1271 263 accipiant
1289 243 1298 258 ,
1338 214 1440 254 facile
1476 214 1719 265 intelligitur,
1755 220 1856 268 prio2

242 287 298 313 res
325 274 424 315 illas,
476 274 544 311 hos
579 274 686 310 serius
729 273 916 316 contrahi,
953 274 997 311 ad
1025 286 1118 323 quos
1146 287 1231 312 cum
1257 275 1432 324 sanguine
1463 276 1648 319 stimulus,
1691 289 1775 315 cum
1797 279 1855 316 sti-

243 335 347 372 mulo
383 342 504 370 motus
533 335 652 370 veniat
687 334 788 381 (q).
839 334 970 382 Neque
997 335 1095 370 enim
1125 335 1256 372 eodem
1284 343 1450 385 tempore
1484 338 1522 373 in
1550 347 1724 386 utraque,
1762 340 1855 375 auris

245 394 282 432 &
311 392 528 434 ventriculi,
567 404 674 430 cavea
699 393 863 430 stimulus
890 394 1040 442 praesens
1058 394 1157 430 inest.
1195 393 1365 432 Omnino
1390 424 1398 439 ,
1444 398 1496 433 uti
1523 398 1567 432 ab
1594 396 1718 433 inflato
1751 409 1853 440 aere,

246 465 291 489 ex
314 452 462 494 ordine,
500 464 590 489 vena
621 465 705 489 cava
740 455 854 501 prima
871 481 879 495 ‚
919 453 1050 490 deinde
1077 453 1236 491 auricula
1256 483 1265 496 ,
1302 454 1452 492 ultimus
1470 457 1692 495 ventriculus
1714 467 1857 495 contra-

244 511 341 550 hitur
374 513 478 560 (r),
518 514 556 549 in
573 512 713 561 frigidis
739 512 963 550 animalculis
980 541 990 555 ,
1025 515 1157 562 quibus
1178 515 1284 553 unica
1313 515 1470 553 auricula
1495 515 1553 552 est.

379 625 412 667 §-
446 619 568 660 XVI
586 620 640 659 ΙΙ.
706 620 793 673 Quae
816 621 919 670 canisii
944 621 993 670 fit
1017 621 1147 660 alterni
1166 624 1300 661 ordinis
1319 649 1330 668 ‚
1374 637 1440 671 quo
1476 624 1589 662 cordis
1600 630 1722 673 partes

572 680 864 731 coistringuntur
882 681 929 724 ἐξ
957 681 1139 720 laxantur.
1175 682 1388 732 Hypothcses
1407 686 1528 721 vuriae.
1569 721 1577 729 Α,

303 790 451 839 Nempe
476 790 584 828 altera
605 790 747 829 illustris
771 792 919 840 quaestio
941 791 1132 829 enodanda
1162 792 1326 841 superest.
1361 792 1548 839 Quaeritur
1570 793 1669 831 causa
1695 792 1853 838 ordinis,

246 853 311 901 qui
338 853 374 888 in
408 858 512 888 motu
530 879 539 893 ‚
579 851 615 887 &
642 851 775 889 alterna
803 854 925 901 quiete
954 851 1172 891 diversarum
1199 855 1395 901 regionum
1423 854 1543 891 cordis
1565 854 1782 891 inviolabilis
1803 866 1858 890 re-

245 918 344 959 gnat.
383 909 544 948 Poscitur
580 912 670 948 ratio
690 940 699 953 ,
749 924 859 960 quare
886 912 1000 960 prima
1043 912 1167 949 dextra
1204 912 1362 950 auricula
1378 941 1387 956 ‚
1428 914 1463 950 &
1503 926 1573 951 una
1592 942 1601 956 ,
1647 913 1855 962 eodemque

247 969 475 1019 tempusculo
496 999 506 1013 ‚
556 967 663 1007 etiam
687 970 818 1008 finisti-a
845 971 1102 1014 contrahatur,
1138 972 1227 1009 dum
1256 974 1403 1010 interim
1433 973 1624 1010 ventriculi
1652 973 1720 1010 laxi
1744 971 1859 1022 quies-

248 1040 346 1066 cunt:
372 1042 481 1078 quare
494 1030 602 1078 paulo
615 1031 871 1079 postauriculae
889 1031 1011 1069 laxatae
1023 1031 1255 1074 resolvantur,
1280 1034 1391 1069 ambo
1411 1045 1496 1070 vero
1511 1034 1702 1070 ventriculi
1717 1032 1749 1069 se
1768 1044 1858 1069 con-

246 1089 444 1137 stringant:
494 1090 672 1127 &denuo
701 1092 809 1127 tertio
842 1091 1068 1140 tempusculo
1102 1091 1293 1128 ventriculi
1330 1093 1478 1140 quidem
1505 1091 1635 1129 remiffi
1669 1102 1852 1134 otientur,

248 1148 414 1186 auriculae
430 1161 516 1186 vero
535 1150 657 1187 denuo
671 1150 788 1186 vivida
814 1152 846 1187 vi
866 1150 899 1188 se
917 1151 1059 1188 arerent.
1096 1150 1248 1189 Causam
1270 1151 1377 1200 hujus
1400 1154 1524 1190 aeterni
1545 1151 1862 1201 rhythmidudum

247 1207 583 1247 MoaLANDus
612 1210 745 1257 stupuit
776 1212 863 1257 (s).

308 1267 457 1311 Varias,
495 1270 530 1305 δε
556 1268 699 1306 subtiles
718 1270 888 1318 quidem,
920 1269 1136 1320 hypotheses
1153 1268 1364 1320 Phyfiologi
1387 1270 1666 1319 proposuerunt.
1703 1269 1745 1307 Et
1766 1268 1861 1306 Lau-

248 1330 384 1366 rentius
412 1328 561 1377 quidem
587 1328 713 1366 BELL
733 1341 744 1365 ι
761 1341 783 1365 N
800 1341 848 1366 us
879 1332 959 1376 (t)
990 1329 1282 1377 antagonismum
1316 1330 1474 1379 aliquem
1510 1330 1734 1367 ventriculos
1763 1331 1858 1366 inter

240 1389 286 1443 ⁴&
309 1400 408 1425 aures
430 1387 587 1425 admisit:
619 1397 659 1425 ut
679 1391 715 1425 in
732 1389 978 1426 conrrastione
994 1389 1280 1426 ventriculorum
1297 1390 1463 1427 auriculae
1486 1390 1726 1431 resolvantur,
1756 1386 1860 1436 quod
1917 1392 1920 1397 '

249 1448 390 1496 sanguis
407 1476 415 1489 ‚
454 1448 573 1484 cordis
600 1449 741 1497 replens
772 1461 918 1491 caveis,
957 1449 1199 1486 auricularum
1227 1462 1360 1486 nervos
1385 1450 1631 1497 comprimat,
1654 1451 1707 1497 7&
1737 1448 1863 1485 nervei

247 1507 400 1557 liquoris
426 1509 461 1544 in
494 1520 549 1544 eas
572 1509 746 1545 auriculas
783 1507 962 1546 influxum
994 1509 1175 1558 impediat.
1222 1508 1403 1546 Resolutis
1437 1508 1583 1545 vicillim
1620 1508 1857 1550 ventriculis,

249 1569 352 1604 nervi
379 1568 414 1603 in
443 1567 604 1605 liberatas
625 1568 800 1605 auriculas
822 1569 961 1617 spiritus
990 1580 1151 1606 motores
1176 1567 1371 1606 effundunt
1386 1597 1395 1610 ,
1435 1568 1561 1617 easque
1584 1570 1621 1605 in
1641 1568 1863 1606 contraciio-

249 1638 334 1664 nen]
353 1635 489 1675 agunt,
526 1629 561 1664 in
586 1627 638 1665 Cl.
673 1630 737 1665 viri
759 1628 950 1678 hypothesi
971 1657 980 1671 ‚
1023 1641 1132 1677 quam
1162 1627 1332 1675 Georgius
1359 1627 1427 1666 Cn
1442 1640 1486 1665 ev
1501 1640 1523 1664 N
1541 1641 1559 1665 Β
1584 1629 1677 1676 (ιι)
1704 1629 1857 1677 repetiit.

310 1685 451 1724 Eodem
480 1686 552 1723 fere
573 1697 739 1736 tempore
774 1688 1003 1734 [lays-nundus
1035 1688 1092 1726 Vi
1111 1701 1128 1725 E
1145 1700 1165 1725 υ
1180 1701 1194 1724 s
1213 1703 1226 1724 s
1242 1700 1259 1724 a
1276 1700 1296 1724 N
1312 1701 1326 1724 s
1357 1688 1444 1734 (x)
1466 1688 1586 1725 cordis
1610 1690 1685 1725 vim
1710 1687 1862 1724 deduxit

250 1746 294 1784 ab
323 1748 421 1782 unita
443 1746 583 1783 afflone
606 1747 794 1795 spirituum
824 1748 1034 1785 animalium
1051 1777 1060 1790 ‚
1103 1749 1140 1785 &
1172 1750 1380 1785 arteriarum
1406 1750 1702 1790 coronariarum,
1746 1748 1797 1784 uti
1824 1748 1863 1783 in

252 1804 458 1844 universum
494 1805 674 1843 musculos
701 1820 718 1842 a
751 1808 952 1853 conjunc'iis
989 1807 1169 1855 sanguinis
1201 1808 1237 1843 ὃς
1274 1807 1462 1855 spirituum
1490 1809 1624 1844 viribus
1659 1809 1695 1842 in
1718 1814 1862 1844 motum

251 1866 338 1902 cieri
372 1863 656 1913 persuadebatur.
703 1866 894 1907 Addebat,
943 1868 979 1902 in
1008 1866 1296 1902 ventriculorum
1326 1867 1447 1902 cordis
1476 1866 1602 1915 systole
1627 1878 1644 1902 a
1672 1864 1862 1901 contrariis

252 1923 351 1963 fibris
367 1926 574 1961 arteriarum
588 1924 734 1973 quidem
753 1926 1024 1962 coronariarum
1051 1924 1261 1971 sanguinem
1290 1924 1420 1971 expelli
1442 1952 1451 1966 ‚
1494 1924 1695 1973 nervosque
1715 1936 1733 1960 a
1765 1923 1864 1960 fibris

252 1983 455 2021 tensionem
477 1983 712 2021 molientibus
730 1986 949 2034 comprimi,
983 1986 1031 2021 ita
1056 1995 1179 2021 carnes
1203 1983 1491 2021 ventriculorum
1516 1991 1666 2032 utraque
1693 1982 1793 2021 causa
1813 1982 1864 2021 sui

253 2051 377 2080 motus
401 2043 584 2080 destitutas
607 2043 742 2085 laxari,
782 2045 819 2080 &
846 2044 1056 2092 sanguinem
1080 2056 1124 2081 ex
1152 2045 1279 2080 vicinis
1306 2043 1473 2080 auriculis
1494 2045 1529 2080 in
1559 2045 1703 2092 quietos
1730 2044 1865 2080 ventri-

253 2103 357 2140 culos
387 2105 516 2150 urgeri.
553 2102 623 2140 Sed
652 2102 820 2145 viciffini,
861 2103 981 2140 demta
1003 2116 1101 2140 nunc
1130 2103 1228 2140 clusa
1260 2105 1403 2140 arterias
1431 2113 1629 2151 premente,
1662 2101 1864 2151 nervosque

252 2162 553 2210 ventriculorum,
572 2164 611 2198 in
623 2175 686 2200 cor
703 2174 801 2200 nunc
811 2164 1027 2207 emollitum,
1046 2163 1163 2201 redire
1174 2175 1238 2213 per
1255 2164 1462 2201 coronarias
1473 2172 1615 2201 arterias
1626 2162 1836 2211 sanguinem
1849 2189 1859 2204 ,

1811 2232 1867 2259 m-

334 2287 351 2315 q
367 2277 380 2313 )
400 2277 446 2308 W
460 2287 479 2306 H
495 2287 515 2307 Y
528 2286 548 2311 τ
563 2287 584 2307 T
608 2288 644 2307 on
667 2280 741 2308 vital
759 2285 825 2309 mot.
853 2289 879 2318 p,
905 2283 957 2313 6¹:

331 2328 348 2386 ζ·
367 2320 380 2391 3
404 2329 449 2389 gs
461 2329 602 2389 ῒὲειῇηρ
625 2359 660 2394 of
672 2361 717 2390 tlve
738 2361 822 2390 beart
850 2371 876 2396 ι).
907 2368 952 2401 38.

334 2406 347 2428 t
368 2399 380 2434 )
404 2402 446 2429 D*
466 2401 556 2428 cordia
571 2408 650 2429 motu
676 2400 790 2439 Propus,
824 2400 858 2432 ῙΙ,

332 2451 351 2468 u
368 2440 382 2472 δ
409 2438 504 2478 l‘hr'los
525 2451 631 2477 prmsr*
663 2442 696 2477 of
712 2445 777 2480 relig
790 2453 826 2471 on
844 2453 870 2480 p.
901 2453 964 2481 ¹3<-

332 2492 353 2510 x
374 2484 386 2519 )
410 2481 492 2513 Conf.
519 2483 761 2522 Neurographt'am
782 2484 813 2515 L.
839 2484 861 2516 1.
884 2495 910 2518 c.
935 2495 965 2526 4.
986 2495 1015 2527 p.
1046 2497 1090 2527 ¹9·
1112 2496 1158 2521 20.
1183 2488 1212 2520 δε
1236 2485 1324 2520 truite'
1355 2487 1398 2517 du
1418 2494 1493 2518 coeur
1515 2495 1542 2525 p.
1573 2494 1639 2524 ¹29·
1668 2485 1744 2523 seqq.
