2003 2748
421 145 609 187 SECT.
655 145 742 187 JV.
776 134 1331 188 Morusooizoie.
1591 150 1667 193 θαι

70 248 164 294 que,
191 243 256 294 qui
274 243 474 282 timidiores
487 243 658 288 fue-runt,
692 251 788 283 certe
811 256 875 283 cor
895 246 933 282 in
959 244 1086 295 systole
1106 256 1184 282 non
1206 244 1349 282 brevius
1373 241 1454 281 fieri*
1470 242 1670 281 contende-

71 310 158 341 runt
182 304 289 352 (m).
325 302 494 343 Valvulas
517 306 624 342 etiam
640 304 787 343 venosus
802 306 1023 348 excitarunt,
1059 316 1144 355 quas
1162 304 1360 342 credebant
1374 306 1411 341 in
1435 303 1562 352 systole
1579 315 1670 341 con-

73 369 127 400 tra
147 371 309 400 naturam
335 365 504 402 circuitus
532 363 717 411 sanguinei
745 371 909 413 apertum
933 366 1001 407 iri,
1036 363 1062 401 fi
1091 365 1129 401 in
1155 363 1274 402 cordis
1302 361 1547 402 contractione
1573 362 1666 401 mus-

75 422 148 459 culi
168 423 351 471 pupillares
372 424 554 460 breviores
576 421 703 460 fierent
726 425 743 471 (
760 430 784 459 n
799 424 826 468 ).

136 480 206 518 Sed
219 483 395 530 imprimis
407 482 460 520 Cl.
486 481 722 528 Hieronymus
739 480 813 527 Qu
831 494 850 519 e
861 479 885 519 {r
900 481 919 519 Ἐ
931 511 940 525 ,
957 481 1153 532 Monspelii
1164 494 1226 532 per
1244 482 1491 532 experimenta
1502 511 1511 526 ,
1528 482 1666 520 audiam

75 540 196 578 cordis
217 535 487 588 longitudinem
510 539 723 578 confirmare
752 542 900 578 tentavit
920 543 969 589 (υ
983 543 1002 588 )
1017 570 1026 584 ,
1063 543 1099 580 &
1125 554 1209 580 cum
1227 544 1489 592 quinquaginta
1509 541 1666 592 pericula

73 598 199 637 frustra
224 597 356 636 fecisset
385 598 470 648 (p)
498 599 648 637 demum
679 601 716 636 in
743 599 920 638 testudine
954 599 1070 644 vidit,
1105 602 1193 640 dum
1224 613 1289 639 cor
1321 601 1569 644 contrahitur,
1604 612 1667 639 ex-

74 658 176 696 tendi
208 658 331 700 idem,
368 659 404 695 &
441 671 465 695 a·
493 657 564 696 bafi
595 658 736 708 apicem
768 659 961 703 recedere,
997 661 1104 698 etiam
1139 660 1371 711 microscopii
1404 661 1468 700 usu
1500 660 1666 698 adhibito

73 717 92 764 (
104 729 126 764 q
147 718 181 760 l,
208 717 243 754 &
263 717 412 755 demum
432 717 607 756 limitibus
622 717 701 756 fixis
717 746 726 761 ‚
761 717 972 756 senteutiam
994 719 1241 763 confirmavit,
1263 732 1356 770 quos
1373 721 1466 758 vidit
1479 748 1487 763 ‚
1522 719 1667 758 acorde

72 777 111 814 in
141 776 268 826 systole
294 776 471 825 producto
486 776 622 826 impelli
641 778 677 814 ὃς
695 779 908 826 incurvari(
923 778 984 824 r).
1025 778 1088 816 Uti
1119 787 1244 817 contra
1270 781 1307 817 in
1332 780 1479 818 diastole
1503 792 1573 818 una
1599 791 1665 817 cor

73 836 223 879 rubere,
263 837 299 873 ὃς
329 849 397 874 una
423 837 561 885 apicem
584 836 628 873 ad
653 835 750 873 bafin
774 837 931 879 adduci,
977 837 1074 874 idem
1097 846 1197 886 putat
1230 838 1263 874 se
1285 838 1406 876 vidisse
1442 839 1491 886 (s
1508 836 1534 887 ).
1593 837 1670 876 Sed.

74 897 181 932 etiam
202 897 239 932 in
257 897 374 942 cane(
394 902 409 932 t
426 895 445 941 )
461 924 471 939 ,
506 896 542 933 δι
562 895 657 933 bove
671 923 681 938 ‚
718 896 832 937 vidit,
869 907 933 933 cor
949 895 1107 944 digitum
1128 897 1289 934 vicinum
1318 897 1488 946 repellere
1505 924 1514 938 ‚
1552 909 1667 946 quan-

72 954 124 992 do
158 957 194 992 in
228 954 356 1004 systole
393 954 465 997 est,
501 967 578 992 non
613 955 686 997 ita,
721 954 870 1004 quando
900 955 949 991 est
978 956 1015 992 in
1043 955 1190 992 diastole
1218 955 1328 1002 (u),
1365 957 1401 993 ἃ.
1428 955 1523 1005 apud
1550 956 1667 994 lanio-

72 1025 136 1051 nes
160 1013 317 1063 denique
348 1013 601 1056 confirmavit,
636 1025 725 1056 cor,
762 1013 851 1051 dum
881 1013 1105 1052 contrahitur
1140 1015 1176 1052 &
1205 1014 1427 1064 expallescit‚
1462 1013 1670 1064 longitudi-fl

73 1074 159 1111 nem
183 1073 278 1111 suam
307 1074 510 1122 producere
530 1075 550 1120 (
569 1083 596 1110 x
614 1073 642 1119 ).

132 1131 239 1169 Varia
264 1134 462 1181 nuperrimi
473 1132 661 1181 scriptores
682 1131 928 1181 reposuerunt.
963 1132 1008 1171 Et
1021 1133 1171 1182 quidem
1191 1130 1243 1172 Cl.
1268 1133 1295 1171 B
1308 1132 1382 1171 Ass
1396 1147 1417 1171 u
1430 1146 1449 1172 ε
1462 1146 1481 1171 L
1495 1133 1538 1171 ad
1558 1133 1668 1183 argu-¹

72 1198 237 1228 mentum
261 1203 279 1228 a
304 1191 453 1228 v‘alvulis
477 1190 617 1228 venofis
645 1193 840 1240 repetitum
874 1192 1058 1241 respondit
1087 1192 1146 1241 (y
1166 1191 1203 1241 )‚
1239 1189 1361 1231 earum
1385 1194 1555 1231 fabricam
1575 1205 1665 1231 con-

71 1251 124 1287 tra
153 1250 368 1289 adversarios
397 1250 523 1287 facere.
561 1249 598 1287 Si
635 1252 732 1287 enim
764 1252 802 1287 in
831 1247 961 1300 systole
993 1251 1113 1289 cordis
1144 1262 1273 1290 mucro
1306 1264 1323 1289 a
1354 1251 1423 1289 bafi
1454 1253 1664 1295 recederet,

70 1308 160 1347 t'unc
188 1317 283 1347 certe
314 1310 538 1359 sequeretur,
576 1317 616 1347 ut
644 1309 805 1347 adtrastis
831 1310 875 1347 ad
905 1311 1044 1359 apicem
1074 1310 1242 1348 funiculis
1259 1340 1268 1354 ‚
1305 1311 1451 1349 valvulae
1477 1312 1514 1348 in
1543 1311 1665 1349 cordis'

71 1380 216 1407 caveam
244 1369 404 1407 deductae
421 1369 552 1406 ostium
572 1370 774 1417 aperirent,
812 1369 1048 1419 sanguinique
1064 1370 1197 1407 venoso
1229 1383 1305 1408 eain
1322 1372 1416 1408 viam
1446 1370 1638 1409 reserarent
1650 1376 1669 1415 ‚'

71 1437 180 1477 quam
201 1430 327 1477 utique
343 1427 494 1466 clausam
510 1426 576 1465 effe
592 1435 761 1476 oportet,
798 1429 887 1466 dum
912 1440 976 1466 cor
999 1429 1231 1469 contrahitur.
1268 1428 1364 1467 Mihi
1391 1442 1477 1467 vero
1499 1430 1661 1474 videtur,

71 1487 227 1525 valvulas
254 1488 402 1536 quidem
429 1487 576 1524 venosas
597 1499 642 1525 eo
667 1494 833 1536 tempore
855 1500 873 1525 a
893 1488 1064 1537 sanguine
1091 1488 1207 1526 versus
1232 1501 1332 1526 aures
1358 1489 1499 1538 repulso
1524 1498 1664 1527 extror-

69 1546 168 1590 sum,
203 1549 314 1596 inque
334 1548 476 1584 aurium
495 1548 661 1584 cavitates
675 1575 683 1589 ,
719 1545 868 1585 cessuras
883 1576 893 1590 ,
927 1547 990 1585 nist
1014 1561 1033 1586 a
1054 1548 1223 1586 musculis
1245 1548 1313 1586 suis
1333 1548 1561 1598 papillaribus
1575 1577 1584 1591 ,
1617 1548 1666 1586 eo'

70 1605 148 1655 ipso
165 1613 331 1656 tempore
350 1606 383 1644 se
400 1606 668 1644 decurrentibus
680 1634 689 1648 ‚
720 1607 979 1651 retinerentur,
1008 1609 1119 1658 inque
1137 1608 1379 1646 ventriculum
1395 1608 1667 1647 reducerentun

131 1665 238 1704 Aliud
260 1667 552 1714 experimentum
576 1665 714 1702 addidit
749 1664 801 1703 Cl.
834 1665 981 1704 BAssu
996 1679 1015 1703 ε
1030 1679 1076 1704 L:
1115 1678 1178 1704 cor
1210 1679 1343 1717 nempe
1368 1679 1458 1717 aqua
1488 1667 1667 1718 replevit,

71 1724 233 1774 viditque
245 1753 254 1767 ,
283 1725 372 1762 dum
394 1725 535 1762 brevius
551 1724 657 1762 fiebat
671 1753 681 1768 ,
719 1737 849 1774 aquam
865 1726 996 1775 expelli
1012 1728 1068 1774 (z
1083 1727 1112 1775 ).

129 1783 271 1822 Verum
287 1784 377 1821 mihi
394 1784 542 1833 quidem
560 1785 805 1833 experimenta
824 1786 859 1822 &
883 1785 1076 1824 oculorum
1094 1786 1297 1824 testimonia
1317 1785 1529 1825 suffecerint.
1564 1785 1664 1826 Nam

71 1843 108 1880 &
132 1844 314 1882 innumeri
336 1843 556 1894 illustresque
577 1843 796 1894 profectores
811 1846 828 1894 <
845 1844 900 1891 a)
926 1856 990 1883 cor
1013 1847 1051 1883 in
1071 1846 1318 1885 contraciione
1344 1846 1403 1885 sua
1424 1847 1566 1886 brevius
1583 1846 1664 1883 red-

925 1898 927 1900 *
1599 1904 1662 1948 di,

272 1958 297 1988 V
313 1968 327 1988 n
341 1969 357 1988 R
372 1968 472 1989 utun
491 1957 587 1997 abrssgd
607 1958 713 1989 annat
740 1961 797 1990 &c-

248 1999 279 2038 'st
317 2000 350 2028 de
371 2000 484 2031 l'.dccid
510 2000 528 2029 l.
555 2009 579 2030 c.

272 2039 331 2070 diss.
353 2042 387 2070 cie
401 2039 543 2079 syncope,
572 2050 659 2079 quam
678 2041 708 2070 in
732 2040 909 2072 collectionis
933 2052 1004 2075 meae
1028 2043 1065 2075 T.
1081 2040 1149 2075 vu.
1166 2042 1265 2074 recudi
1287 2032 1349 2074 seni,

232 2085 317 2161 ἒξ
340 2128 385 2160 38
410 2133 459 2159 42

238 2172 317 2200 ..29
339 2173 386 2202 30.
413 2173 458 2202 μ.
485 2170 531 2204 33.
556 2173 606 2205 4²·
637 2165 691 2195 &c

232 2214 311 2242 30
340 2213 385 2243 31·

209 1960 257 2029 ΞΩ

269 2254 280 2282 w

289 2255 314 2282 :n

212 2092 252 2396 ὯῬῬῬῬχο-οζῦ
210 2040 243 2070 Ξ·

288 2292 305 2321 ω

251 2295 332 2438 ζοξὶωη

257 2295 322 2373 ‚²4-
353 2333 399 2362 Π

283 2370 347 2397 ,αε
364 2364 475 2400 tAca‘d.
501 2379 587 2410 ¹73¹·

239 2457 290 2480 oce
278 2414 415 2487 Ξὶίιῖυἰε
434 2452 596 2483 νοίὠενιις
602 2452 653 2484 Co
663 2462 675 2483 x
686 2456 710 2484 ἐ
723 2445 781 2483 1³32·
776 2447 890 2493 obfirv.
907 2457 989 2485 auat
1003 2463 1032 2493 p.
1052 2455 1125 2496 1223.-
1137 2453 1283 2494 antiquus,
1298 2453 1346 2488 sed
1353 2450 1524 2491 sollicitus
1513 2477 1523 2495 ,
1546 2460 1668 2495 operan-

1633 2496 1652 2525 ti
1657 2504 1670 2524 3

108 1957 128 2482 AAAAAAAAAAAAA

135 1967 167 2476 &wieunnmqbz'voxff

173 1959 196 2483 vvvvvvvvvvvvv

211 2406 236 2478 m,-
