2003 2748
317 184 370 220 ιτς
852 166 1111 208 LIBII.
1175 167 1407 210 VASA:

318 272 335 315 ζ
350 268 403 318 Ι).
426 268 596 317 Denique
621 265 778 315 legimus
792 266 926 303 arteriae
940 272 1079 314 partem
1102 277 1305 304 convexam
1329 266 1513 316 aliquanto
1527 263 1728 306 firmiorem
1744 267 1812 309 effe
1829 281 1914 320 par-v

318 337 352 366 te
384 339 541 365 concava
566 328 634 374 (m
653 328 669 373 )
686 355 695 369 ,
733 326 768 362 &
795 324 933 374 pedum
963 327 1104 362 arterias
1128 326 1274 375 reliquis
1303 326 1467 364 duriores
1492 327 1599 375 (n).

374 387 462 425 Hiec
488 387 610 424 omnia
638 387 758 434 primo
779 385 929 434 quidem
954 384 1024 422 ictu
1052 385 1150 422 oculi
1175 385 1343 424 videntur
1375 396 1499 424 contra
1528 396 1709 436 receptam
1734 388 1910 428 theoriam

315 459 476 497 pugnare
493 475 502 489 ‚
540 444 712 495 exquisite
737 452 857 481 tamen
880 443 1099 481 considerata
1125 457 1208 482 cum
1234 458 1276 482 ea·
1297 445 1459 495 adprime
1489 446 1731 485 consentiunt.
1764 448 1910 498 Nempe

314 508 449 544 arteriae
462 512 605 543 artuum
617 506 778 554 primum
789 504 1039 552 multomajori
1053 506 1088 540 in
1101 505 1264 552 periculo
1276 505 1548 554 compressionis
1562 506 1753 549 versantur,
1770 520 1878 557 quam
1891 521 1910 546 a

315 566 530 616 corporibus
553 562 838 613 circumpositis,
876 564 910 600 ἃ
925 576 941 600 a
957 563 1182 613 ponderibus
1198 593 1206 607 ‚
1244 565 1279 601 &
1304 565 1453 602 demum
1482 578 1499 602 a
1519 566 1687 604 musculis
1699 569 1906 614 patiuntur,

311 626 489 663 firmiores
524 625 615 662 adeo
651 624 726 660 fieri
759 624 889 661 decuit.
951 623 993 660 ln
1017 625 1135 660 nervis
1160 624 1235 661 haec
1256 632 1390 662 naturte
1417 625 1605 673 prudentia
1636 626 1911 664 manifestissima

312 686 381 728 est,
413 687 476 734 qui
494 683 735 721 molliffimi&
758 696 850 732 pene
875 682 1062 731 gelatinosi
1079 683 1177 726 sunt,
1217 686 1361 732 quoties
1383 683 1514 722 offibus
1538 685 1686 722 firmiter
1707 692 1911 735 protegun-

311 753 390 788 tur,
429 742 601 793 exempio
627 742 862 780 intercostalis
889 744 1009 780 trunci
1026 755 1037 786 ,·
1080 755 1279 781 nervorum
1305 751 1640 793 metacarpeorum:
1676 745 1785 782 iidem
1821 756 1909 782 vero

310 805 397 842 dura
431 803 599 841 eeliulosa
625 803 694 840 tela
716 802 916 840 vestiuntur
931 831 940 845 ‚
981 814 1057 851 quo
1075 802 1161 840 loco
1191 815 1254 852 per
1277 810 1420 841 artuum
1442 803 1624 842 musculos
1648 803 1914 842 offensionibue

309 865 465 901 obnoxii
492 865 657 912 migrant.
696 862 840 900 Deinde
860 874 924 911 per
950 863 1074 900 omnia
1099 864 1346 911 experimenta
1375 862 1430 900 Cl.
1459 861 1540 901 ΨΧ]
1555 875 1580 900 N
1595 876 1653 901 ΤΒ,
1670 876 1681 900 1
1697 875 1721 900 N
1736 875 1759 900 G
1773 876 1797 900 H
1811 876 1832 899 A
1848 875 1878 900 M
1893 876 1907 901 1

307 924 452 973 adparet
474 953 482 966 ,
524 924 665 960 arterias
695 922 799 960 duras
827 922 929 958 facile
946 950 955 964 ,
996 934 1105 958 venas
1137 921 1266 959 molles
1293 913 1421 971 aegrius
1447 924 1594 971 rumpi,
1642 923 1677 959 Sc
1701 924 1738 959 in
1765 924 1923 960 univer-⁷

308 984 386 1021 suin
413 984 576 1031 sanguini
602 995 639 1019 ea
678 981 752 1019 vasa
778 981 906 1019 melius
931 980 1086 1018 resistere
1102 1010 1112 1024 ,
1149 994 1228 1031 quae
1253 981 1286 1019 se
1311 981 1662 1031 extendipatiuntur.
1699 981 1834 1019 Molles
1856 994 1922 1019 er-=>

308 1056 359 1091 go
393 1044 560 1080 &minus
588 1042 709 1079 densas
737 1049 860 1078 nutura
881 1048 1023 1078 arterias
1046 1041 1151 1084 fecit,
1184 1053 1263 1090 quae
1285 1042 1388 1078 cordi
1408 1042 1534 1084 vicinae
1555 1040 1660 1083 sunt,
1697 1041 1732 1078 &
1749 1042 1918 1090 primum·

310 1105 385 1150 ejus
424 1104 682 1150 integrumque
718 1102 897 1150 impetum
921 1100 1064 1142 ferunt,
1110 1106 1150 1137 ut
1189 1112 1234 1138 eo
1259 1102 1379 1138 minus
1409 1101 1453 1137 ab
1479 1112 1518 1138 ea
1538 1101 1636 1138 unda
1662 1099 1921 1149 potentiffimaz

309 1163 519 1200 violentur:
560 1161 654 1198 forte
686 1162 813 1203 etiam,
857 1169 897 1198 ut
921 1159 1029 1197 serius
1065 1158 1238 1197 offescant
1272 1161 1289 1206 (
1303 1161 1363 1208 o).
1398 1159 1593 1210 Utriusque
1616 1161 1715 1197 enim
1738 1161 1816 1198 vitii
1845 1172 1909 1210 pe-

308 1222 466 1259 riculum
501 1233 545 1258 eo
563 1222 677 1267 majus
703 1220 751 1256 est
767 1248 776 1261 ‚
819 1231 895 1268 quo
920 1231 983 1256 cor
1006 1220 1156 1267 propius
1175 1218 1387 1267 sanguinem
1422 1226 1537 1267 urget.
1574 1219 1671 1257 Nam
1694 1221 1918 1256 etiaincum

307 1282 376 1319 hac
397 1281 532 1318 cautela
548 1309 557 1323 ‚
593 1282 646 1317 uti
668 1278 829 1316 incursus
857 1277 1038 1327 sanguinis
1067 1279 1106 1315 in
1126 1290 1249 1316 arcum
1272 1285 1380 1316 aortae
1405 1279 1585 1317 maximus
1607 1278 1676 1321 est,
1707 1279 1754 1315 ita
1773 1279 1824 1315 ibi
1839 1278 1920 1316 frea

309 1339 535 1390 quentissima
565 1339 646 1377 sunt
673 1337 919 1387 aneurysmata
936 1365 945 1381 ,
993 1339 1045 1375 uti
1077 1349 1121 1374 ex
1145 1338 1391 1387 plurimorum
1419 1338 1600 1376 clarorum
1623 1339 1789 1375 virorum
1811 1337 1907 1375 testi-

308 1402 444 1438 moniis
467 1400 612 1449 adparet
638 1398 742 1446 (p).
779 1397 1059 1435 Convexitatem
1079 1396 1245 1435 vasorum
1273 1397 1489 1436 crediderim
1518 1398 1561 1434 ab
1582 1397 1708 1435 idibus
1734 1396 1816 1446 ipfis
1832 1396 1918 1434 san-²v

309 1462 451 1509 guinis,
484 1471 559 1497 eam
585 1460 623 1495 in
638 1457 758 1495 sedem
787 1457 915 1495 fortius
939 1457 1108 1500 nitentis,
1138 1456 1341 1495 densiorem
1354 1457 1439 1494 fieri.
1485 1457 1576 1495 Non
1593 1464 1772 1507 repugnat
1785 1464 1915 1495 autem·

309 1533 392 1558 vera
415 1518 480 1557 esse
494 1548 502 1562 ‚
539 1530 618 1567 quae
639 1516 707 1554 Vir
733 1515 976 1565 Ampli'ffimus
1003 1516 1032 1553 L
1046 1530 1067 1552 A
1082 1528 1108 1553 N
1124 1529 1168 1554 CI
1183 1530 1197 1554 s
1212 1529 1223 1553 1
1240 1531 1263 1556 u
1278 1530 1292 1554 s
1323 1519 1468 1554 monuit
1487 1546 1497 1560 ,
1543 1529 1623 1554 non
1644 1517 1742 1553 idem
1764 1517 1800 1553 in
1826 1528 1914 1553 om--

308 1581 416 1617 nibus
444 1578 656 1616 hominibus
681 1577 889 1614 arteriarum
911 1577 1024 1614 robur
1042 1574 1109 1613 effe
1126 1605 1135 1619 ‚
1176 1577 1211 1613 ἃ
1234 1578 1408 1627 reperiri,
1447 1575 1578 1626 quibus
1605 1576 1648 1613 ab
1673 1575 1743 1626 ipsa
1764 1576 1909 1626 origine

309 1640 467 1682 arteriae,
501 1649 614 1686 quam*
635 1636 710 1673 aliis
736 1636 930 1673 debiliores
954 1635 1035 1672 sunt
1061 1637 1150 1683 (q).

752 1747 785 1789 ς.
818 1743 860 1782 Χ
878 1743 923 1782 V.
979 1741 1088 1781 Ratio
1101 1742 1209 1792 solidi
1228 1744 1275 1782 ad
1286 1743 1449 1791 fluidum„

370 1856 506 1896 Adfinis
521 1856 568 1893 est
587 1853 825 1893 consideratio
840 1882 849 1896 ,
874 1865 953 1903 quae
963 1852 1087 1889 eadem
1098 1852 1248 1901 perinde
1270 1852 1322 1891 Cl.
1340 1851 1715 1890 WiNTMNGuAnno
1738 1839 1899 1892 d‘ebetur„

310 1917 456 1966 Nempe
474 1918 565 1953 ratio
581 1915 873 1951 membranarum
889 1911 1136 1949 arteriosarum
1152 1911 1196 1948 ad
1213 1911 1337 1949 lumen
1355 1912 1460 1948 inane
1473 1940 1483 1955 ‚
1518 1910 1589 1948 five
1606 1911 1650 1947 ad
1671 1911 1905 1960 sanguineam

312 1978 521 2015 columnam
536 2004 546 2018 ,
582 1987 652 2025 qua
672 1972 919 2023 perfluuntur,
956 1982 1034 2009 non
1062 1960 1189 2008 eadem
1210 1971 1259 2008 est
1281 1971 1417 2021 ubique
1449 1970 1499 2013 (r
1516 1970 1556 2019 )‚
1593 1982 1712 2020 neque
1734 1970 1904 2008 decrescit

1820 2041 1907 2069 cum-

354 2144 413 2181 (Ζ)
437 2154 462 2182 p.
485 2152 551 2172 210.

355 2186 431 2220 (m)
454 2186 524 2221 Exp.
556 2194 601 2212 η.
627 2192 653 2220 p.
679 2187 725 2213 6².

354 2228 366 2261 (
380 2234 400 2254 n
416 2227 428 2260 )
451 2223 476 2254 C
490 2235 509 2253 H
524 2235 536 2253 r
551 2234 562 2253 s
576 2235 589 2253 r<
603 2235 619 2252 L
634 2234 652 2252 r>
666 2234 678 2252 ις
692 2234 711 2252 N
739 2228 810 2251 anat
838 2221 873 2260 of
890 2223 1000 2252 human
1018 2222 1091 2260 body
1112 2222 1179 2252 edit.
1201 2219 1254 2251 VI.
1277 2230 1304 2259 p.
1328 2228 1395 2250 201.

354 2267 417 2302 (o)
439 2265 485 2294 Est
509 2266 674 2301 conjet‘tura
695 2264 739 2294 Ci.
763 2264 1137 2293 WlN'x'RlNGHAMI
1165 2272 1193 2300 p.
1220 2273 1267 2299 90.

354 2308 421 2344 (p)
445 2306 693 2335 SCHREIBRR
712 2304 728 2333 l.
757 2314 780 2336 c.
807 2314 834 2342 p.
867 2313 932 2342 325.
963 2305 977 2340 J
1014 2304 1043 2334 B.
1071 2304 1314 2334 Momicm
1337 2299 1444 2339 adamis
1466 2305 1544 2330 anat.
1574 2299 1610 2331 Π.
1630 2309 1657 2339 p.
1675 2305 1721 2335 81.
1746 2299 1903 2330 LANcr-

313 2360 326 2380 S
340 2359 346 2377 1
359 2358 377 2378 υ
389 2358 401 2378 s
428 2347 443 2375 Ι.
470 2356 492 2376 c.
523 2356 552 2384 p.
576 2349 624 2382 76.
651 2344 672 2375 F
686 2356 699 2374 F,
713 2355 729 2373 R
744 2355 760 2374 R
775 2355 788 2374 ii
804 2356 811 2373 1
827 2354 848 2374 N
872 2345 949 2382 apud
974 2345 1001 2375 H
1015 2356 1029 2374 E
1044 2355 1062 2372 N
1077 2355 1095 2374 x
1110 2355 1122 2374 iz
1138 2356 1154 2373 ι
1172 2341 1308 2382 fiimlzmg
1336 2344 1458 2372 medisin
1486 2343 1549 2371 und
1562 2343 1685 2380 chirurg.
1711 2342 1835 2370 anmerk.
1850 2340 1900 2370 ῙΙῘ.

311 2399 338 2428 p.
365 2400 390 2426 9.
419 2387 563 2417 SENAe
592 2386 609 2415 l.
634 2396 658 2416 c⁴
685 2386 718 2416 T.
738 2385 772 2415 11.
795 2396 821 2423 p.
847 2394 912 2424 319.
942 2387 991 2423 qui
1013 2386 1097 2416 aliam
1121 2385 1209 2416 etiam
1234 2385 1346 2417 causam
1371 2383 1512 2422 adducit,
1547 2383 1583 2415 de
1608 2392 1663 2421 qua
1685 2382 1752 2414 alias
1781 2382 1900 2413 dicetur.

412 2430 424 2463 )
444 2427 462 2457 l.
487 2437 511 2458 c.
537 2428 581 2457 ed.
601 2427 649 2457 fol.
667 2436 694 2461 p.
715 2432 779 2460 ¹08·

341 2430 427 2507 ξιξ)
451 2468 645 2500 crinon
668 2465 1104 2499 W'xNTixNGHAMl.c.
1134 2467 1251 2506 9176,
