2003 2748
367 131 652 187 SECTJJ.
709 103 888 173 TELA
939 130 1392 172 cELLULOSA:
1622 149 1666 174 ιι

85 228 155 268 alio
179 229 216 266 in
232 228 384 267 animale
405 229 454 266 est
468 257 477 271 ‚
516 228 642 266 fibram
659 240 824 266 carneam
842 228 952 266 ullam
976 229 1125 266 liberam
1143 259 1152 273 ‚
1187 229 1318 278 absque
1339 229 1514 269 cellulosis
1536 230 1602 269 filis
1616 245 1670 270 re-

83 296 223 339 pertam
242 287 348 327 fuiffe.
386 287 520 327 Eadem
543 286 684 326 craffior
706 287 952 325 musculorum
979 288 1180 326 discrimina
1198 288 1358 338 deIIgnat
1373 318 1382 332 ,
1422 291 1456 327 ὃς
1479 292 1572 328 inter
1590 303 1669 329 om-

85 360 149 386 nes
174 356 275 385 toros
293 349 454 397 corporis
475 347 624 385 humani
641 347 794 396 plurima
816 348 1000 397 colligitur
1028 350 1082 395 (r
1099 349 1123 395 ).

146 407 290 445 Deinde
318 408 439 444 omnia
467 407 504 442 in
529 418 683 454 corpore
711 407 872 444 humano
907 406 981 444 vasa
1011 407 1116 455 (ς),
1154 409 1308 451 arteriae,
1339 422 1459 453 venae,
1495 412 1669 460 nervique

86 469 214 514 vagina
234 464 398 505 cellulosa
416 465 641 507 ambiuntur,
671 465 784 514 saepe,
816 475 856 504 ut
881 468 918 503 in
938 468 1083 503 artubus
1111 466 1349 516 plerumque,
1377 471 1529 517 pingui,
1563 471 1665 513 alias,

88 526 124 562 &
144 527 180 561 in
204 525 392 562 visceribus
410 525 572 572 inprimis
586 552 595 566 ,
620 526 817 562 macilenta.
851 525 1046 564 Innumera
1068 528 1165 562 enim
1190 526 1246 564 fila
1268 526 1433 565 cellulosa
1454 529 1490 565 &
1506 532 1670 568 arteriam

84 582 226 621 seorsim
244 612 253 626 ,
289 585 324 620 &
348 595 496 625 venam,
528 585 563 620 ὃς
590 596 743 621 nervum
764 585 936 621 ambeunt
952 613 961 627 ‚
999 586 1034 621 ὃς
1061 585 1222 634 undique
1241 586 1285 622 ad
1305 585 1434 624 sodalia
1460 587 1533 625 vasa
1551 591 1670 626 revin-

86 645 207 680 ciunt:
228 643 416 691 majorque
431 644 561 680 iterum
580 644 616 679 &
632 645 745 692 magis
760 643 951 692 conspicua
968 644 1035 681 tela
1057 652 1177 681 totum
1193 644 1398 682 fasciculum
1415 646 1458 684 ad
1475 646 1667 692 musculos,

84 708 146 738 aut
161 700 232 738 ossa
257 703 372 739 vicina
395 701 535 750 adligat.
569 701 702 740 Pariter
726 703 808 745 hic,
844 710 882 741 ut
908 705 946 740 in
968 703 1156 746 musculis,
1188 716 1263 752 quo
1282 706 1435 752 majores
1457 709 1576 745 trunci
1594 708 1670 746 fue-

84 762 176 803 rint,
205 762 251 797 ita
275 762 388 809 magis
408 760 603 805 lamellata,
634 763 670 798 &
686 761 829 811 adiposa
844 791 853 805 ‚
874 763 909 799 &
931 762 1008 800 laxa
1026 763 1094 800 tela
1113 760 1170 799 e'st.
1206 763 1385 801 Minimos
1407 765 1570 804 vasorum
1590 780 1671 804 ner-

84 831 290 869 vorumque
315 820 472 858 surculos
499 822 712 864 tenerrima,
744 821 881 870 semper
902 829 1022 859 tamen
1050 822 1244 871 conspicua
1268 824 1403 866 ambit,
1440 826 1475 861 &
1491 825 1536 862 ad
1555 838 1671 864 mem-

84 879 232 916 branam
251 879 406 928 aliquam
439 892 496 917 vas
520 879 623 920 suum
651 881 889 918 nervulumve
916 881 1055 925 firmat,
1089 889 1130 919 ut
1149 882 1269 920 nullus
1290 883 1448 921 ramulus
1464 884 1552 921 liber
1572 887 1670 923 ince⁴

86 937 165 980 dat,
200 939 235 975 δι
254 946 334 976 tum
354 939 504 976 demum
528 939 657 977 elevari
681 939 786 989 poffit
814 949 1000 989 correptus
1017 969 1027 983 ‚
1063 941 1210 989 quando
1237 953 1346 979 manu
1372 945 1566 983 anatomici
1592 946 1671 982 vin-

84 997 165 1039 cula
187 997 352 1035 cellulosa
377 998 530 1036 resoluta
551 998 641 1037 sunt.
679 999 840 1037 Maxime
862 1007 958 1037 notae
983 1001 1121 1048 vaginae
1139 1000 1222 1037 sunt
1238 1029 1246 1042 ‚
1281 1013 1359 1050 quae
1375 1003 1543 1050 genitalia
1569 1003 1666 1048 vasa,

86 1056 303 1105 amplissimis
334 1057 474 1095 laminis
498 1058 611 1095 ambit
628 1087 637 1101 ‚
670 1065 750 1098 tum
778 1071 857 1107 quae
881 1058 1009 1096 fibrosa
1035 1059 1171 1107 hepatis
1205 1067 1355 1097 truncos
1386 1060 1532 1110 capsulae
1562 1063 1672 1101 titulo

86 1115 253 1164 colligat,
277 1126 377 1158 tum,
407 1116 806 1165 saepeaLANcrsm
823 1147 832 1160 ‚
859 1117 1284 1156 HEBENSTm-:lrro
1304 1119 1448 1170 aliisque
1464 1120 1668 1172 descriptae,

87 1176 224 1223 vaginae
248 1175 515 1224 pulmonalium
540 1175 705 1214 vasorum
730 1177 766 1214 ὃς
788 1177 965 1214 carotidis.

145 1233 304 1276 lterum,
341 1235 550 1284 ubicunque
572 1248 688 1272 unum
712 1248 842 1273 cavum
860 1236 991 1274 tubum
1015 1236 1135 1285 plures
1155 1235 1218 1273 fibi
1243 1237 1417 1286 impofitae
1442 1241 1573 1277 tunicae
1596 1240 1671 1278 effi.

86 1294 188 1331 ciunt
203 1321 213 1335 ,
249 1293 309 1331 has
330 1295 422 1331 inter
447 1295 583 1333 tunicas
600 1294 756 1332 totidem
772 1295 939 1335 cellulosa
959 1297 1047 1332 retia
1061 1296 1161 1338 sunt,
1195 1308 1273 1345 quae
1291 1298 1327 1334 Sc
1343 1298 1568 1346 distinguunt
1584 1299 1671 1338 duas

86 1351 152 1389 fibi
170 1353 405 1391 circumnatas
435 1354 660 1392 membranas
679 1383 688 1397 ,
726 1355 762 1391 Sc
789 1354 926 1392 easdem
953 1357 1045 1392 inter
1072 1355 1104 1392 se
1128 1356 1282 1393 uniunt:
1318 1358 1482 1406 exempla
1514 1359 1554 1395 in
1581 1366 1672 1396 arte-

86 1413 148 1452 riis
163 1440 173 1454 ,
206 1413 304 1449 venis
320 1440 328 1454 ,
362 1413 535 1453 intestinis
551 1442 560 1455 ‚
595 1413 816 1456 ventriculo,
850 1412 962 1452 vesica
981 1416 1134 1453 urinaria
1151 1415 1187 1451 ὃς
1209 1414 1311 1454 fellea
1328 1444 1338 1458 ,
1369 1417 1468 1455 oculi
1493 1417 1606 1456 bulbo
1634 1419 1673 1456 86

72 1483 179 1515 *uvea
202 1472 410 1509 membrana
425 1501 433 1513 ‚
466 1473 501 1508 &
519 1472 602 1508 alibi
626 1473 752 1521 praesto
782 1472 870 1510 sunt.

148 1529 219 1566 Sed
244 1531 350 1566 etiam
372 1530 604 1578 glandulosos
629 1533 770 1573 acinos,
807 1533 994 1581 quousque
1011 1543 1165 1569 armatus
1193 1535 1300 1570 etiam
1328 1534 1454 1572 oculus
1481 1543 1643 1583 penetrat
1657 1538 1675 1579 ,’

86 1587 256 1625 cellulosa
279 1589 347 1625 tela
374 1590 467 1625 inter
489 1588 524 1624 se
555 1590 712 1626 invicem
744 1592 960 1638 conjungit,
1000 1592 1035 1627 &
1060 1592 1207 1627 solidior
1229 1594 1298 1628 toti
1326 1593 1506 1640 glandulae
1531 1595 1580 1631 est
1604 1608 1673 1643 pro

88 1646 308 1685 involucro:
345 1647 531 1694 glandulas
561 1659 647 1686 vero
676 1649 912 1696 conglobatas
934 1649 997 1688 suo
1025 1662 1206 1699 quamque
1230 1650 1316 1690 loco
1347 1651 1486 1694 firmat,
1531 1654 1567 1689 &
1589 1665 1673 1693 cum

88 1706 290 1744 mobilitate
312 1705 498 1754 suspendit.
1645 1711 1648 1714 ⁴

149 1764 258 1804 Aliud
275 1766 380 1805 etiam
391 1777 507 1813 genus
526 1765 575 1804 est
586 1795 594 1808 ,
621 1767 656 1803 &
672 1766 768 1804 aliud
780 1766 943 1806 officium
958 1769 1134 1806 cellulosae
1150 1768 1228 1807 telae
1239 1798 1248 1812 ,
1269 1777 1310 1808 ut
1331 1783 1453 1809 caveas
1470 1773 1580 1810 varias
1595 1786 1676 1811 cor-

91 1825 137 1861 ris
165 1824 325 1861 animalis
342 1825 476 1874 repleat
491 1853 500 1868 ,
523 1838 608 1875 quas
629 1826 790 1876 undique
811 1826 956 1866 firmum
971 1828 1118 1877 aliquod
1135 1830 1368 1868 involucrum
1387 1833 1560 1870 continet.
1590 1832 1676 1873 Huc

90 1882 198 1932 pollis
231 1883 501 1921 cellulofitatem
531 1897 609 1923 eam
635 1886 788 1930 referre,
823 1899 901 1937 quse
928 1887 999 1925 offe
1028 1890 1202 1931 coercita,
1235 1890 1405 1927 medullae
1431 1892 1582 1929 nomine
1603 1892 1677 1930 adi-

91 1954 178 1991 pem
199 1945 324 1992 recipit
344 1945 360 1990 <
378 1949 392 1980 t
413 1944 427 1988 )
454 1957 461 1980 :
492 1944 564 1983 huc
584 1945 784 1983 evidentius
803 1949 959 1995 pertinet
981 1948 1170 1997 spongiola
1195 1948 1253 1985 illa
1282 1949 1496 1999 laminarum
1511 1958 1671 1995 textura,

94 2012 174 2048 quae
194 2002 406 2050 corporibus
423 2004 620 2042 cavernosis
639 2007 740 2054 penis
754 2033 763 2047 ,
791 2013 850 2042 aut
867 2007 1041 2044 clitoridis
1055 2035 1063 2050 ,
1086 2009 1294 2045 continetur
1311 2037 1319 2050 ,
1354 2010 1390 2045 ὃς
1408 2009 1581 2057 sanguine
1602 2013 1679 2048 ine-1

97 2059 241 2101 briatur.
282 2060 334 2098 Ita
349 2072 462 2113 porro
478 2061 598 2105 similis
613 2064 765 2108 fabrica,
792 2067 899 2103 unice
920 2069 1078 2104 tenerior
1093 2095 1103 2109 ,
1133 2069 1169 2103 in
1194 2068 1372 2117 pulmone
1395 2073 1512 2107 aerem
1527 2098 1536 2112 ,
1566 2072 1604 2107 in
1623 2071 1679 2108 fu-

1033 2125 1060 2162 B
1125 2136 1146 2165 2
1616 2131 1679 2169 ,ni-

135 2244 150 2281 (
165 2256 181 2274 r
196 2245 210 2280 )
233 2245 316 2277 Hanc
340 2246 508 2278 crediderim
521 2248 576 2279 esse
597 2248 693 2279 seriem
711 2247 846 2279 ramosam
862 2249 991 2286 sinuum,
1017 2250 1119 2288 quibus
1135 2250 1242 2287 sperma
1261 2252 1318 2282 ceti
1337 2254 1430 2282 verius
1449 2253 1477 2282 in
1493 2253 1600 2283 balaena
1613 2263 1681 2284 con.

96 2286 203 2316 timetur
218 2310 224 2321 ,
250 2289 275 2316 8(
291 2288 337 2319 oui
349 2288 434 2318 iidem
445 2299 494 2326 per
507 2297 600 2320 totum
613 2300 715 2328 corpus
727 2291 754 2320 se
764 2289 887 2321 millenis
900 2290 970 2321 valis
997 2290 1072 2327 (aut
1088 2292 1320 2330 st1iis)didunt,
1339 2293 1374 2323 ab
1395 2295 1416 2323 A
1429 2304 1450 2323 N
1465 2305 1482 2324 D
1495 2305 1509 2324 Ε
1522 2304 1539 2323 a
1551 2305 1564 2324 s
1575 2305 1592 2324 ο
1607 2291 1623 2330 ξι
1638 2308 1647 2325 ι
1660 2306 1680 2326 o

97 2327 228 2364 descripti
247 2326 440 2367 [rffthdvung
460 2340 516 2359 von
537 2332 636 2361 Island
651 2341 678 2368 ρ.
698 2340 764 2361 210.
781 2330 853 2368 seqq.

138 2368 150 2402 (
164 2379 176 2397 s
189 2369 200 2403 3
226 2369 247 2399 C
261 2381 275 2398 11
307 2371 331 2401 R
343 2379 361 2398 o
374 2380 386 2399 s
401 2380 442 2399 ωε
460 2378 533 2400 anat
543 2371 676 2411 berkrifh.
690 2383 719 2413 p.
736 2383 746 2403 1
757 2377 803 2407 ιε.
817 2371 890 2411 seqq.
907 2372 931 2404 G
943 2383 966 2406 τι
977 2383 1021 2406 As
1034 2383 1058 2406 Η
1070 2382 1094 2408 υ
1107 2385 1127 2408 Y
1139 2385 1152 2407 s
1167 2372 1324 2417 desuppur.
1339 2384 1367 2415 p.
1383 2378 1428 2415 69.
1445 2376 1551 2409 ΨΜ.
1564 2387 1583 2409 1
1595 2388 1618 2410 n
1633 2388 1678 2409 η

98 2409 131 2438 de
141 2408 208 2447 olus
234 2410 271 2445 ἓξ
293 2421 386 2442 vome.
410 2421 436 2448 p.
465 2422 475 2439 1
488 2422 494 2440 ι
526 2414 582 2442 &c-

139 2449 202 2487 (ε)
225 2451 313 2484 ΚΑΛ
328 2461 346 2482 υ
361 2463 387 2482 w
402 2450 585 2493 deperspirat
600 2464 620 2485 n
650 2464 716 2494 929.
