2003 2748
377 107 1353 151 SECTIII.CORDISFABRICA.
1596 124 1671 160 353

74 214 109 246 ta
134 207 303 246 fibrarum
322 235 332 249 ‚
368 217 447 256 quae
468 205 512 244 ad
535 206 633 255 spirae
661 204 817 244 modum
842 205 886 242 ad
907 217 1124 245 mucronem
1149 205 1397 250 descendunt,
1431 207 1623 257 postquam
1644 207 1678 248 fe

74 279 159 306 cum
177 266 227 304 sui
254 266 425 304 fimilibus
446 264 694 308 decussatum,
727 265 763 302 ὅτ
789 266 919 314 partim
943 265 1131 304 columnas
1155 267 1289 304 interni
1315 266 1435 305 cordis
1456 266 1674 311 effecerunt,

75 327 112 364 &
145 328 274 375 partim
307 326 352 363 ad
380 325 475 363 bafin
495 325 687 362 redierunt.

136 386 306 424 Nicolaus
326 385 384 422 ST
400 397 418 422 F.
432 397 454 421 N
470 396 529 423 ou
548 396 588 420 is
611 382 648 421 F.
676 381 769 431 (n)
796 395 873 420 non
901 382 1130 427 facillimam,
1158 385 1265 421 etiam
1292 385 1373 434 post
1401 385 1576 423 exhibitas
1599 387 1675 424 ico-

74 458 139 484 nes
155 473 164 487 ,
201 445 479 494 descriptionem
506 442 625 480 dedit:
661 441 805 480 videtur
835 450 955 480 tamen
973 450 1055 480 ante
1070 455 1229 492 nuperos
1256 442 1367 482 Viros
1392 444 1445 483 Cl.
1483 455 1677 483 externum

74 504 246 544 fibrarum
272 505 415 541 stratum
439 500 590 551 posuisse
605 530 614 544 ‚
652 500 753 550 quod
777 509 972 552 utrumque
991 502 1235 543 ventriculum
1256 503 1536 554 completiatur:
1571 504 1676 546 fibras

75 565 181 602 etiam
195 592 204 606 ,
228 574 307 612 quae
321 562 606 599 ventriculorum
618 573 740 599 caveas
752 559 925 604 subeunt,
948 560 1126 611 descripfit
1136 590 1145 605 ,
1175 562 1256 611 post
1270 574 1353 601 eum
1367 576 1384 600 a
1408 562 1434 601 P
1447 576 1466 601 ε
1479 576 1499 601 c
1512 576 1536 600 u
1551 576 1571 600 L
1586 576 1599 601 1
1614 576 1638 601 N
1652 576 1676 604 o

73 623 181 661 didas
210 621 260 672 (o
278 621 297 669 )
313 649 323 663 ‚
358 621 483 671 easque
499 650 508 664 ,
547 632 625 670 quae
650 621 742 658 circa
763 632 902 660 conum
933 619 1074 659 reflexae
1094 620 1138 658 ad
1161 620 1257 659 bafin
1280 622 1444 661 redeunt.

133 680 358 728 [raymundus
383 679 420 718 V
434 675 448 717 x*
461 692 479 717 ε
495 693 518 718 υ
532 694 546 718 s
559 693 574 717 s
591 692 610 718 E
623 691 648 717 N
662 692 677 718 s
703 679 860 718 multum
880 682 917 717 in
936 680 991 717 his
1021 680 1102 731 ipsis
1127 680 1225 719 fibris
1240 680 1403 720 laborem
1428 682 1547 732 posuit
1563 681 1584 729 (
1595 684 1672 731 p):

72 741 111 778 in
135 740 261 779 ultima
282 740 301 789 (
321 752 343 787 q
371 739 391 788 )
425 747 546 777 tamen
570 740 606 777 δε
631 738 868 789 copiofiffima
889 740 1034 779 historia
1060 740 1219 779 multum
1238 741 1462 781 obscuritatis
1491 755 1536 780 ex
1556 742 1675 792 hypo-

70 799 159 838 thefi
178 802 216 837 in
240 798 344 837 suum
365 798 570 837 sermonem
597 800 752 848 irrepere
769 797 884 848 paffus
915 800 963 836 est
981 828 989 842 ‚
1029 812 1108 849 quae
1137 800 1263 840 duetus
1292 813 1444 840 carneos
1472 803 1552 848 (ita
1571 801 1679 839 fibras

71 860 211 906 vocat)
233 871 278 896 ex
304 860 437 896 arteriis
463 859 686 901 coronariis,
722 870 918 907 earumque
937 860 1035 907 poris
1068 861 1155 896 oriri
1180 861 1287 910 ponit
1304 889 1314 904 ,
1355 861 1392 897 &
1418 863 1479 898 cui
1506 860 1678 898 haetenus

71 919 263 957 obsecutus
296 919 370 961 est,
421 925 462 956 ut
485 918 685 956 secundum
712 929 768 954 eas
803 919 946 955 arterias
974 917 1144 956 fibrarum
1171 918 1299 957 traditis
1328 919 1550 957 describeret.
1586 919 1679 958 Nont

75 978 268 1028 decerpam
285 979 393 1016 verba
413 977 467 1015 Cl.
493 979 588 1020 viri,
625 989 670 1015 ex
689 978 821 1026 quibus
848 984 944 1015 certe
972 977 1070 1015 nulla
1096 978 1187 1016 clara
1211 990 1332 1017 rerum
1356 980 1483 1029 imago
1511 980 1553 1019 in-
1574 991 1678 1018 men-

71 1044 146 1076 tem
173 1050 291 1075 meam
329 1036 462 1075 transsit
479 1065 488 1080 ,
526 1049 636 1087 quam
663 1038 700 1073 in
721 1035 892 1074 le&orem
923 1036 1160 1075 transmittere
1188 1037 1330 1087 poffim.

128 1097 242 1135 Paulo
271 1096 410 1134 facilius
430 1095 460 1133 L
473 1108 495 1133 A
508 1108 533 1133 Ν
549 1108 569 1133 c
584 1108 595 1133 1
612 1108 626 1133 s
641 1108 653 1132 1
669 1108 691 1133 υ
706 1107 734 1132 M
762 1095 930 1144 intelligo
945 1124 955 1138 ‚
991 1095 1061 1134 five
1079 1108 1124 1134 ex
1147 1098 1293 1147 propria
1317 1098 1492 1136 industria
1519 1100 1594 1147 ejus
1615 1098 1673 1138 Cr.

70 1156 139 1194 viri
167 1156 259 1192 liber
289 1164 391 1194 natus
411 1154 477 1198 fit,
517 1154 588 1193 sive
620 1167 665 1192 ex
691 1156 844 1202 junioris
869 1155 1019 1203 alicujus
1042 1156 1176 1193 medici
1204 1156 1353 1195 solertia.
1388 1156 1508 1207 Ergo,
1548 1158 1676 1196 secun-

71 1215 161 1253 dum
188 1227 272 1252 eum
296 1214 550 1265 amplissimum
571 1214 661 1251 olim
683 1213 871 1251 Praesulem
892 1215 1006 1262 (r),
1040 1214 1137 1252 fibrae
1159 1215 1280 1254 cordis
1297 1218 1441 1255 extimae
1460 1230 1478 1254 a
1503 1217 1593 1255 facie
1613 1229 1675 1254 ex-

70 1281 171 1313 terna
196 1274 437 1313 auricularum
459 1273 607 1323 oblique
622 1302 632 1316 ,
673 1273 710 1310 &
736 1273 835 1322 spirae
862 1272 1013 1318 ssmiles,
1043 1286 1108 1324 per
1125 1277 1302 1313 exteriora
1323 1276 1611 1315 ventriculorum
1630 1277 1676 1314 ad

70 1346 288 1372 mucronem
308 1334 537 1372 cordiseunt
553 1362 563 1376 ,
604 1334 640 1371 &
666 1332 754 1369 dum
782 1332 1029 1377 descendunt,
1063 1346 1134 1372 una
1159 1334 1260 1372 mole
1277 1334 1454 1374 crescunt.
1484 1335 1557 1375 Hae-
1577 1335 1675 1376 fibrae

69 1395 107 1431 in
138 1393 345 1432 universum
361 1394 536 1431 corticem
554 1392 843 1430 ventriculorum
867 1393 1118 1436 constituunt,
1157 1394 1284 1444 aliquae
1314 1407 1403 1433 vero
1424 1395 1515 1433 recta
1539 1397 1676 1433 intror-

69 1452 146 1491 sum'
177 1459 392 1502 penetrant,
441 1453 477 1489 &
510 1451 651 1501 spitales
681 1450 785 1488 fibras
817 1453 1031 1490 revinciunt.
1078 1451 1224 1491 Deinde
1251 1454 1394 1504 spitales
1421 1454 1544 1498 fibrae,
1585 1467 1673 1504 quas

70 1511 231 1550 diximus
258 1514 313 1562 (s
331 1512 349 1558 )
366 1540 377 1554 ‚
413 1507 561 1560 quando
590 1511 635 1548 ad
665 1523 880 1548 mucronem
910 1511 1030 1549 cordis
1046 1520 1245 1556 venerunt,
1281 1513 1433 1563 simplici
1452 1513 1539 1551 fasta
1559 1513 1672 1551 advo-

68 1571 228 1615 lutione,
278 1572 457 1609 internam
491 1570 620 1608 faciem
646 1569 775 1607 sinistri
806 1571 996 1609 ventriculi
1025 1583 1111 1609 cum
1138 1572 1361 1611 valvularum
1395 1572 1564 1614 musculis
1597 1571 1677 1610 effi...⁴

70 1632 191 1673 ciunt,
234 1631 271 1668 &
300 1630 503 1668 inseruntur
523 1632 654 1668 iterum
690 1631 839 1668 internae
863 1642 1036 1668 venarum
1060 1631 1097 1668 δε
1125 1633 1267 1670 aurium
1305 1632 1458 1675 fabricae.

128 1689 263 1727 Mediae
285 1689 373 1738 (t)
398 1690 551 1728 demum
574 1689 670 1727 fibrae
698 1691 791 1727 inter
824 1691 974 1727 extimas
991 1719 1001 1733 ,
1043 1702 1123 1740 quae
1144 1692 1188 1728 ab
1207 1691 1331 1729 iisdem
1358 1691 1552 1731 nascuntur
1572 1695 1671 1743 prin<

69 1749 170 1799 cipiis
189 1777 200 1792 ,
238 1760 283 1787 ex
317 1749 549 1787 circularibus
575 1761 706 1798 nempe
725 1751 933 1787 arteriarum
956 1749 1164 1788 tendinibus
1198 1752 1233 1788 &
1261 1750 1342 1800 ipsis
1376 1753 1511 1790 arteriis
1528 1781 1538 1796 ‚
1577 1753 1672 1791 mul..

68 1815 103 1845 ta
132 1809 231 1846 strata
259 1807 430 1846 fibrarum
458 1807 644 1851 efficiunt,
684 1810 720 1845 in
750 1808 888 1846 finistro
911 1810 1075 1858 inprimis
1107 1811 1310 1848 ventriculo
1331 1839 1341 1854 ,
1384 1812 1449 1850 alia
1470 1813 1584 1861 magis
1616 1814 1672 1850 in-

69 1867 218 1911 clinata,
257 1867 322 1905 alia
345 1869 466 1907 minus
485 1896 495 1911 ‚
536 1869 648 1920 inque
673 1867 812 1905 easdem
830 1870 972 1906 arterias
995 1869 1175 1913 redeunt,
1207 1882 1226 1908 a
1250 1870 1383 1921 quibus
1405 1872 1565 1923 primum
1583 1883 1670 1920 pro-

1524 1929 1670 1968 dierunt

108 2040 124 2076 (
140 2040 192 2075 n)
213 2038 246 2070 In
270 2040 304 2071 L.
332 2042 367 2071 de
395 2038 528 2080 musculis
546 2040 587 2077 {9⁹
606 2042 750 2080 glandulis
777 2043 804 2072 ἀ
831 2043 907 2081 apud
929 2043 1050 2075 Ban’r
1064 2053 1166 2075 Ηθιι
1182 2054 1269 2075 uun
1293 2045 1322 2075 in
1351 2045 1445 2076 Anat.
1474 2051 1544 2077 tert.
1571 2055 1667 2081 remmq

66 2090 95 2120 p.
127 2086 191 2116 382.
715 2108 718 2111 .

107 2122 155 2158 (ο
176 2122 189 2158 )
212 2121 278 2152 Diff.
304 2123 337 2152 de
362 2123 442 2152 corde
463 2132 489 2152 n.
517 2133 542 2160 7.

105 2165 118 2197 (
138 2163 190 2200 p)
212 2162 317 2194 Tribus
345 2163 478 2201 operibus
494 2181 503 2196 a
531 2173 655 2201 quorum
672 2164 796 2202 primum
821 2165 860 2195 est
889 2167 1105 2205 Neurographia
1132 2177 1159 2205 p.
1190 2173 1237 2205 ¹8·
1261 2167 1335 2208 seqq.
1367 2168 1496 2201 Alterum
1521 2171 1664 2203 Nouvelles

68 2203 243 2234 decouvertes
253 2203 309 2243 sur
334 2206 358 2233 le
376 2215 449 2233 coeur
469 2205 498 2234 in
518 2211 579 2234 toto
603 2204 711 2237 libello.
734 2205 867 2239 Tertium
889 2209 1029 2240 continuo
1050 2209 1172 2241 dicetur.

106 2245 186 2283 (q)
211 2243 310 2275 Traitd
330 2250 370 2274 du
392 2256 467 2277 coeur
490 2255 517 2284 p.
544 2251 592 2285 γε,
625 2245 702 2287 seqq.

104 2285 154 2321 (r
179 2288 187 2317 )
211 2284 228 2314 l.
252 2295 275 2315 c.
301 2295 329 2323 p.
356 2297 404 2324 49.

105 2324 122 2361 (
142 2334 155 2353 s
176 2325 189 2361 )
211 2325 226 2354 Ι.
253 2336 277 2357 c.

108 2365 180 2402 (t)
203 2375 230 2403 p.
259 2377 305 2403 49.
333 2378 378 2403 50.
401 2370 460 2399 tab.
486 2379 514 2407 4.
536 2369 554 2400 f.
589 2378 613 2407 ξ.

152 2408 282 2450 Hana-
306 2411 495 2465 Phyfiolog.
543 2414 654 2454 rom.
687 2413 715 2457 Ι,
1269 2418 1303 2469 Y
1333 2431 1357 2472 ³⁷2
