2003 2748
299 169 385 214 274-
801 151 957 203 LJB.
1030 161 1131 201 JV.
1196 152 1372 202 coit.

297 261 537 313 pericardium
565 270 658 309 pene
681 257 771 297 resta
796 258 980 296 descendit
996 286 1004 300 ,
1038 258 1083 296 ad
1109 270 1238 296 venam
1260 271 1383 296 cavam
1409 258 1619 296 inferiorem
1642 257 1693 312 (e
1708 254 1729 309 )
1746 289 1755 304 ,
1786 258 1888 311 quod

296 320 525 360 intervallum
547 318 697 369 quidem
723 331 800 356 non
827 329 1001 367 magnum
1031 318 1089 355 est.
1127 318 1197 356 Sed
1223 330 1263 356 ea
1286 326 1363 356 tota
1391 326 1513 356 tamen
1539 318 1618 356 sede
1648 321 1889 368 pericardiunt

297 380 462 419 auriculae
488 379 621 416 dextra:
648 390 732 416 cum
759 377 891 415 finistra
923 377 1088 415 confiniis
1118 377 1273 416 adhaeret
1290 406 1299 421 ,
1336 386 1375 416 ut
1402 380 1461 415 vix
1484 377 1562 415 satis
1591 378 1682 416 recte
1708 379 1778 416 dici
1809 378 1890 428 pos-

296 439 337 477 sit
364 435 464 487 (f),
503 438 656 475 liberum
680 436 746 475 esse
774 440 867 474 inter
892 437 978 474 duas
1002 449 1108 475 venas
1128 449 1238 474 cavas.
1275 436 1490 475 Inferiorem
1512 438 1661 475 demum
1683 450 1812 475 venam
1833 450 1890 475 ca-

296 510 380 538 vam
409 499 565 535 omnino
596 499 633 534 in
668 497 845 535 circulum
879 497 1013 539 ambit,
1051 509 1125 534 non
1155 497 1303 546 quidem
1330 497 1538 535 musculoiis
1565 497 1661 535 fibris
1699 499 1730 534 ei
1754 509 1891 535 conna-

297 564 375 596 tum
393 586 402 600 ,
439 565 478 595 ut
508 558 615 596 nimis
637 563 762 594 ornate
783 555 836 594 Cl.
857 557 924 593 viri
951 556 969 604 (
981 557 1040 603 g)
1061 556 1294 606 {cripserunt,
1331 556 1390 593 sed
1420 557 1488 594 tela
1505 558 1630 606 utique
1649 556 1824 595 cellulosa.

355 617 475 666 Atque
506 616 597 654 adeo
658 616 717 654 sex
755 615 891 665 septem
930 615 987 651 vel
1030 616 1112 653 osto
1158 616 1333 653 foramina
1364 615 1469 658 sunt,
1505 615 1529 652 fi
1558 616 1649 653 recte
1675 629 1713 654 ea
1739 629 1830 654 voce
1848 618 1891 655 u-'

299 678 433 719 timur,
470 677 601 725 quibus
622 675 864 724 pericardium
895 682 999 723 patet.
1036 674 1198 712 Primum
1226 676 1275 711 est
1298 687 1396 713 venae
1421 687 1514 712 cavae
1541 675 1730 724 superioris
1748 704 1757 719 ,
1803 676 1890 713 alte-

298 748 380 773 rum
407 742 515 773 aortae
542 736 578 772 &
607 737 741 772 arteriae
767 734 986 784 pulmonalis
1013 740 1146 772 trunco
1172 746 1396 776 commune.
1430 736 1575 773 tertium
1599 747 1810 789 venat-cavae
1834 737 1889 772 in-

298 796 421 833 feriori
446 796 646 845 proprium.
682 793 829 832 Deinde
855 795 1020 832 arteriam
1049 794 1301 842 pulmonalem
1329 794 1492 831 dextram
1518 794 1753 837 transmittit,
1800 803 1891 833 tuno

298 865 409 893 venas
424 854 652 904 pulmonales
666 854 807 892 dextras
820 882 829 896 ‚
861 854 897 890 &
914 852 1071 901 denique
1092 853 1248 891 sinistras.
1285 852 1328 891 In
1346 853 1399 890 his
1419 855 1518 890 venis
1536 855 1694 891 incertus
1715 865 1888 892 numerus

299 915 372 957 est,
403 921 444 952 ut
461 916 497 951 in
510 926 584 952 uno
601 914 708 951 latere
720 913 836 950 modo
848 914 998 950 unicum
1010 913 1373 962 pericardiiforamen
1390 912 1453 955 fit,
1491 913 1573 949 alias
1589 913 1673 950 duo.
1710 913 1892 963 Quinque

299 976 315 1020 (
326 973 379 1022 h)
396 985 483 1011 vero
495 974 671 1011 foramina
687 985 765 1011 non
781 972 873 1010 recte
892 975 1137 1010 numerantur.
1171 971 1309 1010 Eorum
1321 973 1457 1021 ubique
1474 984 1513 1009 ea
1533 980 1658 1010 natura
1675 972 1723 1009 est
1738 1001 1746 1014 ,
1776 981 1814 1010 ut
1833 974 1889 1010 ni-

286 1032 349 1070 *hil
377 1033 577 1083 quidquam
598 1044 643 1070 ex
669 1044 776 1069 cavea
801 1031 989 1081 pericardii
1021 1030 1167 1069 effluere
1193 1035 1310 1081 queat.
1345 1030 1591 1070 Pericardium
1607 1044 1738 1081 nempe
1754 1032 1797 1069 ad
1813 1045 1890 1070 ma..

297 1104 369 1140 gna
388 1121 397 1135 ‚
433 1105 512 1142 quae
539 1092 641 1135 dixi,
679 1091 756 1129 vasa
776 1091 960 1133 adhaeret,
1005 1089 1041 1128 δι
1069 1091 1246 1129 reflexum
1264 1120 1273 1135 ,
1313 1093 1352 1128 in
1389 1104 1518 1129 eorum
1547 1093 1796 1129 membranam
1827 1104 1888 1129 ex-

296 1159 437 1189 ternam
460 1153 534 1189 abit
562 1151 644 1200 (h'f
659 1152 674 1197 >
691 1179 700 1193 ‚
740 1152 865 1200 utique
894 1146 1129 1188 adtenuatum
1151 1170 1160 1194 ‚>
1197 1143 1233 1187 Sc
1253 1151 1376 1189 denuo
1395 1152 1552 1189 tenerius
1567 1179 1576 1194 ,
1613 1151 1761 1201 quando
1787 1151 1830 1189 ab
1846 1152 1888 1189 iis

297 1210 384 1248 vafis
410 1211 443 1248 se
463 1211 565 1259 super
597 1210 717 1248 cordis
745 1222 890 1248 carnem
920 1209 1119 1252 diffundit,-
1155 1211 1262 1259 eique
1289 1210 1413 1247 visceri
1438 1222 1506 1259 pro
1539 1211 1677 1248 extimo
1705 1210 1888 1248 velamen-

298 1277 339 1306 to
370 1271 428 1308 est.
465 1269 630 1307 Exterius
655 1281 741 1306 vero
767 1268 956 1318 pericardii
975 1268 1080 1306 facies
1106 1269 1299 1311 cellulosa5
1334 1270 1372 1305 in
1397 1268 1548 1306 similem
1565 1269 1673 1306 telam
1698 1271 1889 1308 continua-

297 1335 381 1373 tur,
423 1341 502 1379 quae
530 1330 686 1367 exterior
715 1328 731 1375 (
752 1326 854 1378 h**)
880 1340 1011 1365 venam
1040 1331 1165 1366 cavam*
1193 1327 1297 1378 (i).
1331 1336 1469 1366 aortam
1495 1328 1578 1376 (le)
1594 1356 1603 1370 ,
1641 1330 1781 1366 arterias
1806 1330 1887 1379 pul-

298 1389 461 1427 monales
495 1388 541 1435 (l
554 1389 573 1437 )
599 1387 775 1437 venasque
798 1389 993 1426 comitatur
1009 1417 1018 1431 ‚
1053 1389 1191 1435 vaginae
1211 1388 1362 1424 nomine
1381 1400 1399 1424 a
1421 1389 1567 1436 nuperis
1589 1389 1800 1427 anatomicis
1828 1400 1891 1426 ora

297 1456 378 1486 nata
397 1477 406 1491 ,
448 1449 511 1497 qui
525 1449 636 1485 nimis
664 1447 806 1484 firmam
823 1475 832 1490 ,
868 1448 1160 1496 membranaeque
1194 1454 1287 1484 verae
1312 1445 1464 1484 ssmilem
1486 1448 1692 1496 pinxerunt.

362 1508 553 1558 Superest,
591 1516 632 1545 ut
656 1508 778 1556 paucis
807 1507 992 1544 historiam
1021 1507 1129 1555 hujus
1158 1506 1248 1544 sacci
1276 1505 1513 1555 perficiamus.
1563 1504 1618 1544 Ex
1649 1508 1691 1544 iis
1725 1508 1890 1558 nempess

298 1580 376 1618 quae
404 1567 562 1605 diximus
580 1596 589 1610 ,
625 1568 660 1604 δε
688 1578 734 1604 ex
757 1579 796 1604 ea
822 1566 973 1609 fabrica,
1011 1578 1090 1616 quae
1104 1565 1189 1604 flatu
1212 1565 1368 1615 impulso
1393 1566 1574 1615 detegitur
1591 1594 1601 1609 ‚
1635 1565 1792 1616 sequitur
1811 1567 1888 1606 duo

297 1628 474 1665 anteriora
502 1626 691 1676 pericardii
716 1638 854 1665 cornua
884 1624 950 1664 effe
967 1655 976 1669 ,
1015 1627 1051 1663 δε
1076 1625 1273 1675 posteriora
1302 1625 1483 1663 totidem:
1526 1638 1606 1675 quae
1633 1637 1771 1665 cornua
1801 1629 1887 1665 toti-

299 1687 383 1724 dem
414 1688 498 1724 caeci
529 1686 618 1724 sacci
646 1685 749 1729 sunt,
782 1687 845 1735 qui
860 1685 1177 1735 flatuminpulsum
1204 1687 1404 1723 continent.

363 1746 503 1782 Cornua
528 1744 719 1793 posteriora
737 1774 745 1787 ,
791 1744 960 1783 nondum
989 1745 1163 1794 quidem,
1200 1752 1379 1795 quantum
1403 1746 1493 1783 novi
1519 1745 1689 1796 descripta
1706 1774 1715 1788 ‚
1750 1746 1831 1783 sunt
1851 1748 1889 1784 e-·'

297 1804 462 1854 jusmodi.
499 1804 662 1842 Alterum
676 1804 854 1842 sinistrum
870 1832 879 1846 ‚
916 1805 1025 1841 breve
1051 1805 1100 1841 est
1116 1833 1126 1847 ‚
1152 1805 1189 1841 &
1212 1804 1252 1841 fit
1263 1806 1306 1841 ab
1327 1804 1526 1842 adhaefione
1541 1805 1750 1852 pericardii‚
1771 1805 1816 1842 ad
1832 1818 1886 1843 ra.

298 1865 416 1903 dicem
442 1865 533 1903 rami
552 1863 678 1901 sinistri
698 1862 917 1914 pulmonalis
946 1864 1080 1902 arteriae
1112 1863 1149 1900 &
1176 1862 1221 1901 ad
1237 1863 1385 1902 ductum
1407 1862 1616 1902 arteriosum
1632 1864 1751 1903 adnati
1778 1866 1885 1914 [m];

1848 1934 1890 1964 e&

338 2031 413 2069 (e)
435 2032 668 2063 LAchslus
692 2024 794 2063 1:11.
819 2031 838 2063 f.
872 2041 897 2063 1.
928 2031 964 2063 ad
981 2031 1016 2063 G.

336 2072 575 2111 (f)S=NA0
607 2083 633 2112 p.
670 2083 716 2111 ις.
1074 2110 1076 2112 γ

335 2115 410 2151 (ᾖε)
433 2114 689 2144 LANcrsrus
712 2115 731 2144 1.
755 2124 779 2144 c.
810 2125 836 2153 p.
862 2124 909 2151 24.
935 2126 982 2152 ²5·
1010 2112 1045 2145 T.
1067 2114 1087 2145 1.
1111 2114 1147 2152 Q.

335 2154 619 2192 (h)Vnut1us‚
641 2155 669 2185 P.
693 2155 872 2186 Noouuz
897 2158 952 2187 διε.

334 2194 703 2231 (h*)LAN01s1us
732 2196 753 2226 l.
774 2206 798 2227 c.
831 2206 926 2235 μη.
955 2197 1068 2228 Abrah.
1091 2196 1257 2227 KAAuw
1283 2195 1553 2226 Bonnam:
1575 2195 1591 2226 1.
1617 2205 1641 2225 c.
1669 2205 1695 2225 n.
1730 2202 1792 2234 132.
1813 2195 1889 2226 &iri

295 2238 450 2266 Comment.
471 2236 557 2265 Acad.
583 2235 691 2274 Petrop.
705 2236 783 2267 Nov.
798 2236 832 2267 T.
851 2236 873 2268 1.
897 2247 927 2276 p.
945 2242 1012 2276 364.
1028 2241 1094 2276 365.
1110 2238 1155 2268 Sn
1171 2246 1255 2267 unc
1272 2246 1301 2275 p.
1326 2242 1352 2272 8.
1381 2247 1425 2272 η.
1450 2237 1504 2267 ΒΑ
1518 2246 1536 2268 R
1550 2247 1565 2267 ι
1579 2243 1665 2268 Aur
1693 2237 1710 2267 1.
1728 2246 1752 2266 c,
1765 2246 1792 2276 p.
1812 2245 1881 2274 223.

335 2276 434 2313 (hu)
457 2276 596 2306 Same
621 2284 648 2313 p.
680 2287 724 2312 14.
754 2282 894 2314 15.186.
929 2285 994 2316 187.

364 2317 410 2393 ἐξ
429 2317 551 2387 ῗεζαὲιίἐ
568 2317 685 2388 ¹Rsrigss
706 2317 736 2348 in
758 2316 876 2380 rrzzfiell.⁴
891 2326 971 2349 anat.
1002 2331 1029 2359 p.
1058 2326 1127 2356 228.
1522 2328 1544 2348 ⁰

334 2358 406 2435 gl)
429 2397 620 2445 Laumsi
642 2409 686 2429 us
713 2369 754 2429 13Γ.
777 2370 919 2432 a1‘.5}(.K.
948 2400 984 2432 K.
1009 2401 1046 2435 Τ.
1069 2401 1106 2434 H.
1129 2402 1150 2437 f,
1178 2410 1202 2433 1.
1232 2401 1268 2434 K.
1295 2400 1331 2433 K.
1351 2401 1371 2433 f.
1401 2410 1427 2434 2.
1455 2399 1488 2432 A.
1509 2399 1545 2432 Α.
1572 2401 1656 2440 Prop.
1678 2399 1750 2432 VH.
1777 2399 1883 2439 1³21AE

293 2437 458 2518 Κῖζιξὶν
474 2436 646 2511 Zegfrſj’tr.
665 2441 737 2482 hipp.
763 2449 791 2471 n.
822 2450 886 2479 155-

334 2317 347 2353 A
