2003 2748
409 118 1349 178 SECTZIV'MOTUS'CORDIS.
1601 133 1688 170 457

75 220 340 266 thalienfibus‚
385 219 420 256 δι
450 219 589 256 montis
633 216 826 256 Rammelii
852 208 1119 254 adscendiffem.
1156 216 1273 254 Saltus
1303 218 1412 254 etiam
1446 217 1590 255 biuncis
1616 216 1692 256 san,

78 286 221 334 guinis,
256 282 319 331 qui
345 278 389 316 de
418 277 622 316 ventriculo
657 276 794 314 sinistro
820 276 941 326 pulsus
970 276 1016 313 ad
1050 276 1356 326 perpendiculum
1386 276 1431 314 ad
1464 277 1548 315 octo
1578 277 1694 328 pedes

79 343 214 387 casim,
248 340 406 380 omnino
428 338 608 378 calculum
631 337 794 388 superat,
830 349 941 387 quem
963 335 1084 386 posuit
1105 335 1173 375 Vir
1205 336 1434 376 Clariffimus.

575 461 608 506 ς.
653 455 758 496 LII.
823 455 1017 495 SENAcr
1045 457 1191 495 monita.

139 583 383 632 Nuperrimus
412 579 563 616 demum
600 578 635 615 &
668 576 721 615 Ill.
751 575 797 613 de
819 576 931 614 corde
963 577 1086 615 audior
1111 575 1142 626 J.
1175 576 1336 625 Baptista
1373 577 1539 615 Seme
1570 579 1694 627 potin&

81 656 161 694 quae
197 644 312 679 diruat
332 642 486 689 reperit,
525 638 595 688 ipse
612 638 656 675 ad
678 637 824 675 aedificia
845 638 1016 675 elevanda
1040 639 1192 675 minime
1220 646 1396 687 promtu&
1434 635 1474 674 ln
1499 636 1552 686 Ju
1569 650 1617 674 nt
1637 650 1657 674 N
1678 648 1692 674 1

81 705 117 742 &
150 701 316 751 Stephani
337 699 502 737 Hamis
531 702 589 746 (g
609 700 626 745 )
654 697 799 736 calculis
820 697 1074 747 reprehendit,
1114 696 1217 747 quod
1243 709 1312 746 pro
1341 696 1411 734 bafi
1434 697 1590 746 cylindri
1617 708 1696 734 non

78 774 188 803 aortae
217 773 359 801 aream,
404 759 463 797 sed
488 759 609 797 cordis
637 757 861 807 superficiem
889 758 1121 796 adhibuerint
1138 786 1146 799 ‚
1193 766 1301 806 atque
1331 770 1375 795 eo
1406 757 1522 794 modo
1549 756 1698 807 pondus

78 823 262 872 sanguinis
290 821 478 862 auxerint,
522 820 585 868 qui
612 831 630 856 a
661 817 773 855 eorde
797 815 1020 855 sustentatur.
1068 817 1191 866 Negat
1213 830 1276 854 cor
1309 815 1376 854 effe
1396 817 1550 855 solidum
1578 817 1695 864 (h),

79 883 293 932 sanguinem
311 881 540 930 percutiens,
577 878 683 928 quale
706 877 792 915 facit
819 875 936 927 Junl
953 889 978 914 N
993 890 1016 914 u
1031 889 1067 920 s,
1105 885 1213 925 negat
1244 878 1320 925 ejus
1350 875 1495 913 massam
1520 889 1584 926 per
1602 888 1700 925 pon-

80 944 148 982 dus
176 942 269 980 reete
290 941 470 990 exprimi,
506 947 617 986 negat
634 937 728 976 recte
758 938 846 975 duas
865 939 989 976 uncias
1010 937 1101 975 sumi
1127 949 1193 986 pro
1220 937 1326 975 undae
1346 936 1528 985 sanguinis
1555 935 1698 985 ponde-

79 1015 119 1041 re
134 1032 143 1047 ,
179 1014 288 1053 quam
301 1000 523 1039 ventriculus
538 997 672 1037 sinister
693 997 863 1048 expellit,
886 1006 995 1046 negat
1009 996 1253 1034 ventriculum
1272 1004 1392 1034 totum
1413 998 1552 1034 inaniri.
1589 995 1700 1045 Apud

79 1061 116 1102 H
131 1076 152 1100 A
171 1073 312 1100 Lesru
327 1073 357 1099 m
385 1059 643 1109 reprehendit,
682 1058 785 1108 quod
805 1057 932 1096 saltum
957 1057 1139 1106 sanguinis
1175 1070 1251 1094 non
1278 1059 1316 1094 in
1343 1065 1441 1095 aorta
1460 1085 1468 1099 ,
1504 1056 1562 1094 fed
1585 1058 1620 1093 in
1643 1068 1704 1094 ca-

80 1123 201 1162 rotide
229 1122 326 1160 canis
358 1120 543 1158 dimetitus
569 1118 637 1162 fit,
679 1128 787 1168 atque
806 1119 898 1156 adeo
921 1119 1029 1155 nimis
1054 1119 1233 1166 exiguum
1257 1116 1382 1155 fecerit
1409 1117 1513 1163 (i):
1549 1115 1702 1154 conclu-

82 1183 135 1221 dit
157 1183 337 1232 denique,
372 1183 448 1219 vim
478 1178 599 1219 cordis
626 1180 800 1217 incertam
817 1207 827 1221 ‚
861 1178 920 1216 fed
940 1179 1130 1226 ingentem
1161 1175 1229 1215 effe
1245 1205 1254 1220 ,
1291 1185 1332 1215 ut
1360 1188 1405 1214 ex
1431 1175 1518 1214 saltu
1540 1175 1615 1225 ipso
1641 1188 1705 1225 pa-

83 1250 154 1282 teat
164 1255 175 1290 ;
208 1242 243 1280 &
265 1253 311 1278 ex
331 1240 638 1291 aneurysmatibus
657 1267 666 1282 ,
703 1251 862 1288 quorum
889 1237 1096 1275 craffiffimae
1127 1238 1349 1274 membranae
1381 1249 1399 1274 a
1427 1236 1549 1273 cordis
1568 1243 1703 1285 poten-

82 1305 130 1341 tia
160 1310 381 1351 rumpuntur
397 1329 406 1344 ‚
442 1302 479 1339 δι
501 1312 548 1338 ex
572 1299 737 1350 pondere
763 1309 814 1343 50
843 1298 1017 1336 librarum
1040 1297 1126 1348 pedi
1151 1297 1310 1346 appenso
1325 1325 1334 1340 ‚
1370 1296 1473 1346 quod
1495 1298 1532 1333 in
1557 1294 1702 1344 singulo

81 1362 186 1414 pulsu
210 1361 403 1399 adscendit.
437 1359 491 1399 Ex
515 1360 589 1398 hoc
613 1359 690 1409 ipso
719 1359 975 1409 experimento
996 1387 1005 1401 ,
1053 1369 1138 1396 cum
1168 1358 1314 1406 pondus
1338 1357 1383 1395 ad
1410 1365 1545 1394 tantam
1564 1357 1608 1393 ab
1633 1354 1706 1404 hy-

83 1422 301 1474 pomochlio
322 1421 524 1459 distantiam
540 1419 786 1469 adpendatur,
823 1419 858 1456 δε
875 1418 1037 1456 elevetur
1051 1430 1070 1455 a
1089 1416 1201 1459 corde
1222 1416 1492 1466 hypomochlio
1511 1416 1701 1466 propiori,

86 1485 159 1521 vim
183 1482 304 1521 cordis
337 1480 550 1530 sanguinem
596 1492 660 1529 per
694 1480 862 1517 arteriam
901 1478 1079 1516 cruralem
1112 1477 1300 1526 pellentis,
1363 1476 1511 1514 aestimat
1542 1474 1587 1513 ad
1616 1486 1707 1524 qua-

85 1543 295 1592 dringentas
314 1542 419 1579 libras
434 1541 521 1588 (k).
557 1538 698 1577 Harum
726 1549 896 1577 caeterum
918 1540 1103 1576 rationum
1125 1549 1196 1586 ego
1221 1536 1373 1587 quidem
1387 1536 1518 1576 multas
1533 1563 1545 1579 ‚
1577 1546 1622 1573 ex
1642 1545 1708 1584 pag

84 1604 114 1641 ri
146 1601 393 1653 persuasione,
426 1601 501 1650 jam
526 1601 621 1639 inter
648 1599 784 1637 nostras
814 1599 931 1637 retuli.

580 1705 613 1748 §-
649 1700 679 1739 L
695 1699 778 1739 ΙΙΙ.
845 1699 979 1748 Nostra
994 1698 1186 1749 sententiar.

145 1804 311 1847 Verum,
352 1811 394 1840 ut
412 1803 528 1853 aliqua
555 1802 601 1839 de
621 1814 702 1840 mea
720 1801 850 1838 addam
878 1800 1051 1838 sententia
1068 1829 1077 1843 ‚
1121 1811 1297 1838 numeros
1324 1798 1496 1849 equidem
1524 1806 1642 1837 certos
1663 1799 1708 1836 fi·

88 1869 234 1904 brai-um
262 1863 472 1914 pedumque
497 1874 559 1900 vix
583 1862 800 1900 crediderim
824 1861 978 1898 inveniri
1002 1858 1114 1909 poffe
1147 1858 1191 1897 Et
1216 1862 1378 1908 primum
1407 1871 1484 1896 non
1512 1858 1704 1906 intelligo,

90 1924 286 1976 quomodo
317 1921 611 1970 tempusculum,
646 1933 722 1969 quo
747 1932 811 1957 cor
832 1920 890 1956 sua
912 1919 1161 1956 contractione
1179 1918 1416 1965 defungitur,
1452 1926 1617 1955 accurate
1643 1917 1707 1954 d·

89 1986 183 2024 finiri
207 1982 321 2033 poss1t.
370 1979 440 2018 Sed
467 1992 585 2029 neque
619 1981 764 2027 copiam
791 1977 972 2026 {anguinis
1000 1977 1100 2025 ejec'ti
1121 1977 1233 2016 credo
1263 1977 1341 2015 satis
1370 1975 1521 2014 fideliter
1543 1977 1588 2014 ad
1611 1989 1706 2026 pon-

91 2046 158 2083 dus
179 2043 352 2081 revocari.
407 2040 519 2079 Deest
556 2051 645 2087 ergo
680 2048 876 2086 utrumque
910 2038 1165 2080 elementum,
1213 2049 1258 2075 ex
1294 2048 1368 2086 quo
1409 2036 1483 2074 cele
1487 2038 1570 2074 ritas
1615 2048 1706 2074 con-

92 2105 180 2148 stat,
220 2112 383 2151 tempus,
423 2101 459 2137 &
486 2098 704 2147 longitudo,
739 2109 819 2146 quae
846 2106 1077 2146 percurritur.
1116 2097 1152 2134 Si
1177 2106 1346 2146 praeterea
1368 2108 1607 2134 communem
1630 2097 1707 2134 vim

94 2164 214 2203 cordis
229 2163 412 2213 requiras,
451 2157 588 2197 necell'e
609 2160 675 2198 erit
699 2159 792 2195 inter
804 2159 965 2207 primum
989 2156 1134 2200 saltum,
1168 2155 1392 2199 altissimum,
1431 2156 1703 2205 ultimumque,

1637 2215 1709 2253 hu-

135 2304 374 2384 {figlinam
337 2312 364 2341 τ’·
389 2305 458 2339 463-
484 2310 554 2339 475-

85 2388 88 2389 ’
136 2387 151 2422 (
173 2388 183 2415 i
205 2388 257 2424 )ρ
290 2394 358 2424 47⁴
391 2390 456 2418 232.
481 2389 550 2419 484·
585 2382 655 2415 Eam
685 2381 898 2416 accusationem
921 2382 957 2416 h..
961 2382 1010 2418 bet
1032 2381 1119 2414 etiam
1144 2381 1187 2417 ci.
1215 2384 1245 2421 ,7.
1268 2381 1434 2422 Rudelphus
1456 2380 1706 2413 S’raenssxne

98 2427 214 2506 ³¹¹&sp)-
237 2397 283 2498 3¹}
297 2425 487 2505 15211‘522‘25
505 2434 532 2464 ⁵

187 2511 317 2556 Haller
342 2509 533 2567 Phyfiolog.
581 2509 692 2551 Tom.
726 2509 754 2551 1⁴
1276 2509 1329 2556 M
1340 2522 1378 2549 m
1394 2521 1434 2550 m
