2003 2748
325 196 413 234 236
594 187 722 228 ZIB.
755 187 857 228 III.
915 186 1268 228 CIRCUITUS
1322 184 1684 229 SAN'GUINIS’

326 295 458 334 ‘parum
491 283 712 321 considerate
742 285 780 321 in
810 285 901 332 regii
933 283 1113 332 sanguinis
1134 285 1286 331 juvene,
1326 296 1371 321 ex
1390 291 1500 331 gente
1534 283 1662 322 Bonde
1681 312 1691 327 ,
1730 286 1918 331 coeliaco:

324 344 361 380 &
388 342 591 392 desperato,
617 342 893 380 transfusionem
915 344 1056 381 vitulini
1082 343 1263 391 sanguinis
1286 343 1492 386 tentaffent,
1523 345 1552 380 is
1580 355 1668 381 vero
1689 345 1799 392 paulo
1824 347 1905 394 post

323 402 420 438 diem
449 401 553 438 suum
581 400 720 439 obiisset
744 402 833 448 [t]‚
876 401 956 450 ipsis
978 402 1151 439 intestinis
1186 401 1361 445 sideratis,
1392 410 1432 440 ut
1458 404 1496 440 in
1528 403 1698 440 cadavere
1730 403 1902 452 adparuit,

320 460 452 497 {aetum
476 461 547 502 est,
577 468 618 498 ut
644 461 793 498 Senatus
813 460 986 498 Parisinus
1018 461 1191 503 audacem
1224 461 1569 498 administrationem
1606 461 1722 499 edicio
1754 462 1905 511 proscri-

320 519 421 555 beret
446 519 535 567 [u].
601 519 646 557 Et
673 519 903 568 paulwpost,
935 532 1020 557 cum
1051 520 1125 558 duo
1146 522 1251 568 aegri,
1282 520 1557 558 transfusionem
1594 520 1694 558 GU1
1712 533 1759 558 Ll
1776 532 1902 558 ELMI

315 576 467 627 RIVAE
501 573 583 626 [x]
604 578 828 628 manupaffi,
872 577 1074 627 periissent,
1111 580 1217 616 etiam
1252 579 1419 627 pontifex
1457 579 1645 617 Romanus
1681 579 1762 633 [y]
1797 579 1901 617 fimili

317 636 400 685 lege
424 636 667 674 curiositatem
699 638 926 675 medicorum
959 640 1128 675 coercuit.
1210 638 1279 675 Sed
1304 640 1410 676 etiam
1434 639 1472 675 in
1499 638 1709 676 scorbuticis
1724 667 1733 681 ,
1758 641 1797 675 in
1823 641 1903 688 qui-

316 696 384 732 bus
404 698 613 739 nociturum
633 697 690 733 alii
717 705 935 734 monuerant
963 697 1060 750 [z],
1095 696 1220 734 infelix
1247 699 1536 746 experimentum
1564 697 1694 735 saelum
1724 698 1774 734 est
1802 699 1899 746 (a),

313 752 437 803 Ergo,
464 756 500 792 &
521 757 651 793 merito
673 757 843 805 quidem,
870 768 982 805 porro
1001 769 1019 793 a
1051 756 1338 793 transfundendo
1361 758 1399 793 in
1421 755 1615 794 hominum
1631 769 1737 794 venas
1762 756 1903 805 sangui-

316 826 403 851 nem
431 821 672 863 temperatum
705 816 763 852 est.
830 815 979 864 Semper
1005 816 1104 853 enim
1131 822 1248 853 metus
1279 823 1374 858 erat,
1408 827 1455 852 ne
1483 814 1624 864 sanguis
1653 823 1713 852 aut
1734 817 1771 852 in
1798 819 1902 853 emit-

313 880 413 910 tente
435 872 566 911 tubulo
585 902 595 916 ‚
629 882 690 912 aut
713 877 751 911 iu
772 876 967 923 recipiente
993 882 1204 922 cogeretur,
1240 881 1279 912 ut
1307 876 1429 924 peritis
1446 875 1656 912 anatomicis
1674 873 1804 912 accidit
1821 874 1896 923 (h),

314 932 352 968 &
373 933 514 970 coactus
533 934 571 969 in
592 945 699 970 venas
716 935 876 976 veniret,
911 946 989 971 non
1009 933 1082 970 fine
1101 933 1243 971 summo
1261 933 1609 982 hominispericulo.

371 990 512 1029 Verum
539 991 599 1029 etfi
629 992 673 1029 ad
700 995 927 1031 curationem
962 993 1178 1030 morborum
1209 1005 1336 1041 parum
1354 993 1438 1029 inde
1470 992 1633 1030 beneficii
1656 992 1895 1036 redundavit,

312 1049 357 1087 ad
385 1050 708 1089 demonstrandum
743 1060 864 1089 tamen
891 1051 1073 1100 sanguinis
1103 1053 1295 1089 circuitum
1336 1064 1404 1101 pro
1442 1050 1640 1088 firmiffimo
1689 1051 1897 1089 testimonio

310 1108 403 1152 fuit,
443 1110 544 1159 quod
571 1110 714 1158 sanguis
741 1109 915 1148 immissus
942 1123 1019 1148 non
1050 1112 1087 1147 in
1114 1123 1231 1148 unum
1255 1123 1339 1148 eum
1369 1117 1508 1153 artum,
1544 1112 1582 1147 in
1602 1122 1713 1160 quem
1731 1110 1899 1148 infunde-

311 1167 415 1206 batur
428 1197 438 1212 ,
472 1169 585 1206 sedin
603 1182 667 1207 cor
687 1172 797 1220 inque
815 1181 943 1207 omnes
970 1172 1110 1207 arterias
1135 1171 1170 1206 ὃς
1189 1182 1294 1207 venas
1314 1171 1518 1219 recipientis
1536 1169 1697 1207 animalis
1709 1169 1893 1207 transierit,

521 1274 563 1332 §.⁷
588 1286 690 1326 XX.
762 1287 951 1325 Oculorum
967 1295 1035 1335 pro
1060 1288 1210 1324 circuitu
1225 1286 1417 1336 fimguinis
1443 1285 1681 1334 testimonium„

398 1403 611 1453 Supererat,
647 1411 687 1442 ut
708 1404 788 1454 ipsis
816 1405 930 1443 oculis
966 1405 1137 1442 circuitus
1164 1403 1344 1452 sauguinis
1371 1403 1610 1450 subjiceretur.
1677 1402 1810 1454 Neque
1836 1404 1895 1442 hic

302 1463 456 1501 ultimus
494 1463 682 1512 colophon
713 1466 849 1501 veritati
876 1463 1014 1505 defuit,
1052 1463 1112 1499 etfi
1137 1464 1165 1499 is
1195 1463 1344 1500 demum
1370 1463 1450 1511 post
1481 1463 1549 1500 fata
1576 1461 1776 1500 HARvm
1794 1476 1806 1500 1
1834 1464 1895 1501 ad-

305 1522 416 1568 jee'tus
433 1522 491 1559 est.
557 1523 682 1560 Nullas
700 1525 798 1560 enim
819 1523 1060 1570 objecftiones‚
1096 1529 1155 1559 aut
1171 1521 1316 1558 cavillos
1336 1521 1429 1559 ullos
1445 1550 1453 1563 ‚
1491 1521 1740 1570 superfuturos
1766 1522 1895 1571 sperari

304 1588 474 1629 poterat,
508 1580 533 1617 fi
564 1584 780 1624 anatomici,
811 1582 1023 1631 sanguinem
1047 1592 1092 1617 ex
1117 1581 1253 1618 ultimis
1279 1581 1454 1618 asteriolis
1473 1610 1482 1623 ,
1508 1582 1550 1617 ‘in
1577 1580 1757 1618 nascentes
1787 1594 1893 1618 venas

305 1639 469 1682 transire,
500 1640 618 1689 adque
644 1654 708 1679 cor
734 1643 864 1678 reverti
884 1640 1056 1678 vidissent.
1119 1639 1163 1678 Id
1191 1642 1311 1677 evenit
1330 1642 1451 1688 paucis
1476 1640 1557 1689 post
1574 1640 1753 1678 excessum
1769 1642 1893 1688 magni

304 1697 394 1735 senis
426 1700 535 1736 annis.
613 1699 809 1737 lma-fellus
844 1703 942 1737 enim
975 1699 1020 1738 M
1036 1713 1057 1736 A
1075 1712 1095 1735 L
1115 1711 1133 1735 P
1152 1711 1163 1735 1
1182 1711 1206 1735 G
1223 1711 1248 1735 H
1267 1712 1279 1735 1
1300 1712 1322 1735 u
1340 1712 1354 1736 s
1385 1711 1481 1736 anno
1518 1711 1530 1734 1
1545 1705 1596 1734 66
1609 1711 1636 1735 1.
1675 1699 1754 1747 (c)
1783 1711 1891 1747 expe-

304 1758 458 1794 rimenta
482 1758 619 1800 edidit,
655 1771 734 1808 quae
762 1761 799 1796 in
822 1771 988 1797 ranarum
1011 1758 1188 1807 pulmone
1205 1786 1214 1800 ,
1250 1758 1462 1795 mesenterio
1479 1787 1488 1801 ,
1518 1759 1553 1794 &
1579 1760 1732 1795 urinaria
1763 1757 1885 1800 vefica‚

303 1815 401 1853 lente
428 1818 537 1853 vitrea
559 1817 701 1864 adjutus
725 1818 864 1856 fecerat.
930 1817 1076 1866 Ubique
1105 1817 1215 1858 vidit,
1250 1816 1459 1865 sanguinem
1493 1829 1538 1853 ex
1563 1818 1696 1853 arteriis
1733 1827 1796 1864 pei·
1828 1829 1889 1853 ve-

302 1887 358 1912 ras
383 1875 621 1912 anastomoses
654 1877 690 1913 ἃ
719 1876 794 1913 vasa
822 1877 1073 1914 continuatum
1104 1876 1263 1917 moveri,
1295 1876 1330 1912 ἃ
1353 1876 1534 1912 contrario
1555 1882 1660 1912 motu
1680 1887 1724 1911 ex
1753 1877 1887 1912 arteriis

296 1945 366 1983 vper
377 1947 482 1972 venas
494 1935 636 1977 revehi,
658 1936 766 1984 paulo
781 1943 901 1973 tamen
912 1964 922 1979 ,
944 1942 984 1972 ut
995 1934 1081 1984 saepe
1094 1934 1175 1971 alias
1185 1962 1194 1975 ‚
1229 1945 1274 1971 ex
1287 1934 1403 1983 aliqua
1412 1934 1585 1971 sermonis
1598 1934 1698 1971 latini
1710 1935 1888 1982 imperitia

1758 1992 1887 2030 obscu-

342 2109 403 2146 (t)
428 2110 498 2139 Phil.
527 2108 631 2148 Trans
656 2119 682 2139 n.
711 2116 756 2145 28.
777 2120 822 2149 30.
848 2113 944 2141 Lettre
968 2111 1004 2140 do
1030 2109 1061 2140 C.
1090 2109 1123 2139 G.
1149 2119 1179 2147 p.
1205 2118 1249 2145 ῖς.
1270 2113 1315 2140 16.
1584 2150 1587 2151 ⁷

341 2152 407 2186 (u)
430 2151 475 2180 Du
500 2151 527 2180 H
542 2161 558 2179 A
573 2162 618 2181 ΜΕ
631 2162 648 2180 L
668 2151 758 2189 histor.
785 2153 877 2182 Acad.
894 2154 957 2189 Reg.
983 2153 1085 2181 Scient.
1112 2160 1142 2187 p.
1161 2159 1205 2179 21.
1224 2159 1270 2179 22.
1295 2151 1314 2180 B
1330 2161 1349 2180 A
1363 2160 1380 2179 R
1394 2159 1414 2179 ’r
1428 2158 1506 2179 Hor.
1519 2160 1528 2178 ι
1541 2158 1565 2178 N
1589 2149 1607 2178 l.
1636 2158 1660 2179 c.

341 2191 411 2226 (x)
434 2191 467 2220 In
495 2191 624 2228 phthisici
650 2202 735 2222 venas
751 2215 759 2229 ‚
783 2202 842 2222 non
863 2202 939 2223 certe
960 2193 1135 2228 prudenter,
1163 2190 1328 2228 sanguinem
1345 2191 1487 2221 inmiserat
1503 2190 1573 2227 Eph.
1597 2191 1667 2220 Nat.
1694 2191 1758 2220 Cur.
1779 2187 1879 2219 Dent

291 2231 402 2262 moal
440 2229 493 2269 ulfi
522 2240 586 2269 ¹49-

339 2271 414 2349 ξας
437 2272 471 2341 ΙΙᾺ
486 2282 500 2301 ε
520 2282 538 2300 u
557 2282 575 2301 c
593 2282 610 2300 ι.
630 2283 639 2301 1
656 2282 678 2302 N
701 2274 734 2302 de
756 2271 890 2312 transficsss
907 2271 1044 2312 stinguin,
1074 2282 1137 2311 pag.
1159 2282 1204 2310 25.
1229 2278 1276 2309 ες.
1301 2273 1355 2302 &c.

367 2323 383 2341 ε
453 2335 458 2341 .
493 2322 517 2341 c.

294 2350 726 2389 v(a)Pu1uANN1.
756 2364 779 2384 c.

298 2391 311 2427 l
341 2395 411 2431 (b)
435 2393 506 2422 Phil.
534 2391 639 2430 Trans
665 2404 692 2422 n.
718 2404 764 2423 20.
791 2395 808 2424 Ρ
824 2405 838 2424 ε
855 2395 873 2424 5.
890 2404 907 2423 n
921 2404 941 2423 A
956 2403 978 2423 υ
994 2406 1011 2423 ι.
1027 2404 1047 2424 τ
1063 2392 1159 2434 fiffizys
1181 2395 1213 2424 de
1234 2393 1364 2434 phystque
1393 2393 1427 2424 T.
1446 2393 1494 2424 IV.
1518 2404 1547 2432 p.
1561 2402 1628 2432 417.
1647 2392 1748 2429 418.S
1760 2400 1813 2424 τυ
1825 2402 1842 2422 z
1856 2402 1879 2422 κ

287 2437 333 2467 ,de
353 2431 489 2471 transsufi
501 2430 653 2471 sanguinis
679 2435 707 2462 in
730 2436 863 2464 omnibus
885 2436 1098 2469 experimentis.

295 2483 313 2508 ι
340 2475 408 2514 (c)
432 2475 465 2506 ln
482 2472 609 2513 ficunda
632 2474 739 2513 epistola
762 2477 795 2504 cie
815 2476 1005 2512 pulmonibus.
