2003 2748
591 151 1289 194 AUCTORIS.
1714 152 1745 192 V

131 247 252 306 Saepe
277 245 436 303 iuverit
456 243 702 289 cellulosam
725 245 855 288 telam
878 243 1072 303 undique
1096 243 1256 287 solvere
1277 261 1285 285 :
1317 242 1377 286 ita
1401 240 1598 287 vesiculae
1619 239 1743 286 [61111-

131 307 245 349 nales
263 336 273 353 ,
307 321 357 348 eo
378 314 500 348 textu
520 314 712 352 remoto,
746 304 791 346 in
816 304 996 347 unicum
1012 334 1022 351 ‚
1053 302 1126 347 sed
1142 301 1360 346 ramosum
1374 333 1384 350 ,
1411 301 1660 345 intestinum
1682 317 1744 345 re-

130 364 388 409 solvuntur:
426 364 484 406 ita
507 363 684 407 cisterna
713 362 827 421 chyli
851 379 941 406 non
964 366 1010 406 in
1038 363 1202 406 loculos
1223 393 1233 411 ‚
1270 361 1343 405 sed
1371 363 1414 405 in
1443 361 1606 405 canales
1632 361 1745 419 lym-

130 424 324 484 phaticos
357 421 558 466 discedit:
606 423 665 465 ita
693 423 739 465 in
772 421 954 466 unicum
985 420 1209 466 vasculum
1254 421 1450 464 dissoluta
1488 420 1746 479 epididymis

132 483 388 528 extenditur.
421 481 502 525 Sed
523 482 793 540 incorruptas
817 482 945 525 etiam
965 482 1192 540 particulas
1210 511 1221 528 ‚
1262 480 1525 539 angulosque
1545 479 1746 523 nondum

130 551 344 589 mutatos,
389 540 679 600 vasorumque
713 541 977 584 diametrum
1006 541 1151 584 metiri
1172 540 1223 584 sae
1258 556 1279 583 6
1304 541 1534 583 utilitatem
1556 538 1745 583 habebit.

191 601 429 644 Maceratio
453 600 605 644 similia
630 599 731 644 facit
748 630 759 649 ‚
787 603 833 646 ὅ(
853 599 1127 644 membranas
1147 601 1191 643 in
1235 616 1291 642 ua
1318 602 1529 643 elementa
1548 598 1745 642 restituit.

129 660 300 704 Inflatio
327 660 540 703 cellulosas
564 660 666 703 telas
688 659 950 704 immensum
976 669 1108 718 auget
1127 690 1138 707 ,
1172 662 1215 704 ἃ
1244 658 1428 703 ostendit
1448 689 1458 706 ‚
1503 674 1589 717 qua
1622 668 1745 717 parte

129 720 262 764 nullae
285 719 571 763 credebantur
593 719 731 763 ineffe.
775 719 856 763 Sed
878 719 969 764 haec
991 719 1159 763 infinita
1181 718 1292 762 sunt.

188 780 262 824 Est
282 780 326 822 in
350 779 414 823 his
434 780 633 823 omnibus
653 780 954 837 experimentis
979 780 1048 822 lex
1067 810 1078 828 ‚
1113 781 1232 836 cujus
1257 779 1469 837 neglectae
1485 793 1632 837 poenas
1658 794 1747 822 ma-

128 840 238 884 ximi
261 838 493 898 aliquando
511 840 595 884 viri
619 839 803 883 luerunt.
838 839 1024 883 Nullum
1043 854 1239 898 unquam
1264 836 1611 898 experimentum
1625 870 1635 888 ‚
1676 838 1747 882 ad-

129 899 384 945 ministratio
414 899 559 948 nulla,
592 898 721 943 [611161
749 898 876 942 debet
908 899 1096 948 institui3
1136 913 1276 957 neque
1306 914 1463 942 verum
1491 897 1714 941 innotescit
1733 927 1746 946 ‚

129 959 209 1004 nisi
235 975 288 1003 ex
327 959 546 1004 constante
570 960 855 1020 repetitorum
880 959 1176 1019 periculorum
1205 967 1377 1002 eventu.
1420 957 1612 1001 Plurima
1651 957 1748 1001 sunt

130 1021 295 1069 aliena,
330 1035 428 1078 quae
457 1019 498 1064 se
529 1021 575 1064 in
605 1020 898 1078 experimenta
924 1016 1178 1062 inmiscent:
1219 1017 1440 1061 discedunt
1475 1034 1523 1061 ea
1551 1018 1599 1061 in
1628 1033 1746 1076 repe-

129 1079 263 1124 tendo
285 1110 294 1128 ‚
328 1080 426 1123 ideo
439 1081 539 1139 quia
566 1080 702 1124 aliena
720 1078 819 1122 sunt
835 1112 846 1129 ,
881 1082 1046 1138 &pura
1070 1076 1298 1138 supersunt
1315 1108 1324 1126 ‚
1349 1093 1447 1136 quae
1471 1078 1569 1121 ideo
1596 1092 1747 1137 perpe-

129 1148 208 1184 tuo
236 1139 426 1183 similiter
455 1141 660 1191 eveniunt
676 1170 686 1188 ‚
723 1138 844 1198 quod
872 1154 924 1182 ex
947 1137 1036 1197 ipsa
1059 1139 1122 1181 rei
1142 1147 1296 1181 natura
1318 1137 1465 1181 fluant.
1498 1137 1581 1181 Sed
1600 1140 1645 1182 ὅ(
1671 1153 1749 1180 na-

131 1208 230 1242 tura
253 1199 466 1243 variabilis
489 1199 546 1243 est
564 1230 575 1248 ‚
603 1202 648 1244 8(
674 1197 762 1242 [013
787 1199 1043 1257 repetitione
1066 1199 1155 1253 ejus
1180 1196 1299 1255 quafi
1328 1196 1459 1240 sensus
1475 1199 1519 1241 ὃ(
1544 1197 1748 1240 voluntas

132 1257 379 1318 dispalescit.
397 1260 502 1303 Haec
513 1260 583 1303 lex
596 1289 607 1308 ‚
635 1257 852 1318 prioribus
869 1258 1135 1317 tempo-ribus
1146 1272 1305 1316 parum
1321 1255 1544 1315 perspedta
1557 1285 1568 1304 ‚
1593 1256 1647 1300 Μ
1660 1270 1688 1299 0
1701 1271 1749 1301 R-

132 1332 237 1362 GAG
253 1333 324 1362 No
352 1319 547 1378 inprimis
576 1320 752 1363 31161016
778 1318 824 1361 111
851 1327 1082 1361 anatomen
1097 1317 1212 1360 illata
1229 1316 1298 1360 est.

208 1377 393 1423 Chemia
425 1377 580 1438 species
608 1378 813 1438 quaedam
838 1377 895 1421 est
924 1386 1157 1421 anatomes.
1197 1377 1272 1420 Uti
1292 1377 1408 1420 enim
1433 1376 1656 1437 vulgatior
1676 1377 1751 1420 illa

131 1447 271 1498 partes
301 1440 492 1498 corporis
518 1440 695 1483 animati
720 1437 873 1481 solidas
899 1436 993 1481 [1133
1021 1437 1067 1480 111
1086 1437 1314 1497 particulas
1344 1436 1518 1482 resolvit
1535 1467 1547 1486 ,
1581 1438 1641 1480 ita
1664 1452 1749 1496 pu-

132 1498 257 1542 tredo
271 1528 282 1547 ,
308 1501 352 1543 &
373 1499 486 1557 ignis
501 1528 511 1547 ‚
538 1501 583 1544 ὃ(
603 1498 771 1543 admisti
788 1507 903 1542 notae
923 1497 1119 1541 efficaciae
1142 1497 1329 1555 liquores
1342 1527 1351 1545 ,
1378 1496 1582 1540 humores
1595 1497 1641 1541 in
1654 1498 1749 1541 suos

134 1557 230 1600 sales
247 1590 258 1606 ,
290 1557 367 1600 [113
385 1559 481 1600 0163
495 1587 506 1604 ,
536 1557 658 1601 [113111
676 1573 836 1615 aquam
853 1556 1063 1600 discedere
1085 1565 1264 1612 cogunt.
1297 1556 1514 1599 Naturam
1534 1572 1641 1613 ergo
1659 1555 1749 1600 san-

129 1617 278 1674 guinis
295 1645 307 1663 ,
338 1616 458 1658 136113
475 1645 486 1663 ,
516 1617 654 1659 urinae
671 1645 681 1663 ,
716 1616 810 1657 bilis
828 1644 838 1662 ,
872 1616 1112 1673 pinguem,
1147 1614 1326 1660 mitem,
1366 1614 1638 1664 lixiviosam,
1675 1624 1750 1660 aut
1780 1635 1782 1637 ·

135 1675 261 1719 aliam
282 1690 606 1734 quamcumque
628 1673 717 1718 sola
744 1673 910 1718 chemia
937 1672 1111 1717 revelat.
1161 1673 1266 1716 Non
1293 1682 1466 1732 oportet
1491 1683 1637 1717 autem
1668 1675 1750 1719 im-

133 1750 376 1779 memorem
389 1735 467 1779 effe
480 1765 491 1784 ,
509 1744 672 1794 quan-ta
698 1733 749 1777 fit
769 1734 881 1793 ignis
894 1763 905 1782 ,
932 1743 1006 1777 aut
1025 1731 1264 1792 putredinis
1278 1762 1289 1780 ‚
1308 1733 1353 1775 in
1373 1733 1583 1777 mutanda
1599 1749 1752 1793 corpo=

133 1811 181 1839 ra
205 1794 388 1855 potestas
406 1825 417 1843 ,
452 1811 592 1854 neque
608 1793 910 1854 imprudenter
931 1793 1053 1838 decet
1072 1793 1231 1851 recipi,
1253 1808 1323 1836 eos
1349 1793 1393 1836 in
1415 1792 1564 1838 nostris
1594 1792 1750 1839 1111111ου

132 1855 250 1899 ribus
273 1854 373 1899 sales
393 1853 513 1898 fuisse
528 1885 539 1904 ‚
570 1870 679 1915 quos
705 1855 818 1913 ignis
844 1853 998 1898 exinde
1020 1851 1240 1898 formavit.

194 1917 361 1960 Verum
374 1945 385 1963 9
412 1930 513 1959 cum
531 1924 623 1958 tota
638 1913 913 1974 phyfiologia
932 1913 984 1958 fit
999 1922 1209 1958 motuum
1228 1915 1441 1959 enarratio
1453 1944 1464 1963 ‚
1491 1915 1647 1973 quibus
1664 1916 1750 1959 ani-

134 1983 253 2020 mata
279 1974 479 2019 machina
516 1975 705 2035 agitatur
722 2004 733 2023 ,
780 1989 968 2033 cumque
1000 1974 1200 2018 omnium
1230 1983 1439 2019 motuum
1466 1973 1555 2019 suae
1583 1975 1665 2020 fint
1695 1976 1749 2019 le:-

137 2051 212 2093 ges
230 2065 240 2082 ‚
271 2035 547 2093 intelligitur,
582 2045 715 2093 quare
743 2033 821 2078 sub
841 2033 975 2078 finem
995 2035 1150 2093 prioris
1166 2033 1298 2078 seculi
1309 2034 1581 2083 mechanica,
1609 2038 1654 2080 ὅ(
1672 2034 1749 2093 hy-

139 2094 365 2138 drostatica
388 2122 407 2143 ,-
442 2103 570 2152 atque
598 2093 849 2151 hydraulica
878 2103 1097 2154 praecepta
1114 2095 1160 2137 in
1193 2092 1514 2153 pliyfiologiam
1549 2094 1749 2139 tradusta

137 2153 232 2197 fint.
262 2154 374 2198 Non.
393 2165 507 2198 earet
535 2153 736 2212 equidem
760 2153 918 2197 harum
940 2155 1097 2197 artium
1114 2153 1273 2197 utilitas
1300 2152 1381 2197 [1113
1403 2153 1750 2203 ὥ1Η6111131111113,

137 2216 184 2259 &
206 2212 238 2256 fi
258 2215 403 2257 omnia
427 2214 728 2272 conputaveris
743 2243 752 2261 ‚
793 2229 891 2272 quae
916 2213 1032 2257 bona
1061 2213 1228 2257 malave
1255 2212 1308 2257 ab
1334 2229 1484 2257 earum
1512 2214 1750 2259 cultoribus

137 2273 184 2317 in
208 2271 527 2332 physiologiam
552 2273 802 2317 introducsta
822 2271 921 2317 sunt
934 2303 945 2321 ‚
975 2282 1100 2317 erunt
1119 2271 1230 2317 forte
1243 2303 1254 2322 ‚
1283 2274 1359 2331 qui
1380 2272 1558 2317 feliciter
1577 2289 1653 2318 nos
1674 2274 1750 2318 bo-

138 2333 203 2377 nis
230 2333 439 2375 carituros·
455 2334 596 2381 aiant,
630 2332 772 2376 sinna
798 2333 919 2377 malis
941 2333 1234 2377 liberaremur.
1268 2332 1415 2377 Multa
1444 2335 1559 2376 enim
1585 2333 1684 2377 sunt
1703 2335 1750 2377 in

140 2391 312 2440 animali
327 2390 526 2437 machina
538 2422 549 2443 ‚
577 2408 675 2452 quae
692 2409 715 2438 a
730 2393 1033 2446 communibuss
1051 2392 1221 2452 legibus
1241 2392 1497 2438 mechanicis
1512 2393 1639 2439 valde
1657 2394 1750 2437 alie-

1183 2456 1204 2500 1
1269 2467 1292 2510 3
1688 2469 1754 2502 113
