2003 2748
316 162 399 232 *qs
843 164 977 204 [ΑΒ.
1031 164 1106 209 11..
1167 163 1204 203 v
1233 164 1265 204 A
1295 165 1319 204 s
1351 163 1398 205 A:
1460 198 1464 205 .

307 262 399 303 ‘sum
420 261 608 300 admittet:
646 261 686 297 in
706 271 785 298 eam
807 262 906 298 enim
931 273 1010 299 non
1035 262 1171 310 poterit
1194 262 1223 298 is
1249 260 1371 311 liquor
1394 256 1611 310 penetrare,‘
1642 259 1707 299 nifi
1728 262 1910 313 integram

309 324 416 361 aziam
443 322 478 358 ἅ
499 332 563 369 per
580 320 725 358 rubram
742 321 778 358 &
798 333 863 370 per
882 319 1010 359 flavam
1027 323 1190 359 arteriam
1204 322 1445 370 percurrerit:
1478 322 1514 358 &
1535 331 1575 358 ea
1594 318 1784 359 difficultas
1804 323 1841 360 δε
1862 334 1911 361 ex

318 380 478 429 angustia
500 379 607 427 hujus
632 379 805 417 arteriolae
827 381 1040 428 augebitur,
1076 381 1113 418 &
1137 392 1182 417 ex
1198 381 1459 423 retardatione,
1493 392 1602 429 quam
1622 381 1663 416 in
1681 380 1767 418 vasis
1780 380 1902 425 flavis,

319 439 456 479 conicis
479 445 585 488 atque
607 438 753 476 ramosis
768 439 928 488 inpulsus
944 439 1079 477 humor
1092 441 1256 489 patietur.
1293 439 1330 478 Si
1348 452 1434 477 vero
1458 439 1502 477 de
1521 439 1702 487 sanguinis
1722 440 1904 488 globulis,

316 499 355 538 &
373 509 500 535 eorum
521 510 584 547 per
602 498 677 535 vafa
694 499 836 536 minora
853 500 1000 541 itinere,
1020 498 1137 536 sermo
1159 498 1266 537 fuerit
1280 526 1289 541 ‚
1315 498 1487 547 globulus
1504 506 1600 543 certe
1617 499 1725 536 ruber
1741 497 1908 537 difficilli-

311 569 399 600 me,
433 558 469 594 &
492 556 670 600 rariffime,
688 559 822 606 poterit
847 565 962 596 totam
988 557 1262 607 longitudinem
1275 557 1372 595 flavae
1395 558 1567 596 arteriolae
1591 570 1820 607 percurrere,
1843 570 1910 596 cu-

314 618 371 666 jus
400 615 605 654 latiffimum
632 617 756 654 lumen
783 630 827 655 eo
851 617 1007 666 globulo
1038 619 1158 655 minus
1188 617 1228 654 sit
1244 646 1254 660 ‚
1300 617 1562 666 angustiffimus
1586 630 1673 654 vero
1700 618 1736 654 δε
1757 618 1905 655 ultimus

314 674 394 715 finis
420 687 498 713 non
526 674 632 725 possit
661 688 739 713 non
763 677 919 725 globulo
950 677 1062 714 rubro
1088 677 1276 714 multoties
1303 677 1487 725 angustior
1523 675 1616 719 effe,
1656 689 1742 714 cum
1772 675 1909 714 flavum

313 734 497 772 vasculum
515 736 688 772 conicum
704 735 744 773 fit
757 765 766 778 ,
805 736 949 786 ejusque
961 736 1085 774 lumen
1100 743 1279 785 perpetuo
1301 735 1487 773 decrescat.
1523 735 1648 781 Quare
1666 737 1727 775 vix
1744 747 1910 783 unquam>

315 794 487 832 credibile
512 795 561 831 est
577 802 712 832 tantam
731 795 810 832 fore
831 803 892 833 aut
917 795 1058 844 globuli
1078 796 1178 833 rubri
1195 795 1325 844 inpasti
1347 796 1422 832 vim
1437 823 1447 837 ‚
1479 803 1540 832 aut
1560 794 1659 831 tineli
1683 795 1832 843 liquoris
1848 805 1907 831 ce-

313 854 512 896 leritatem,
531 862 571 891 ut
588 866 651 902 per
672 855 833 892 canalem
853 857 1037 898 conicum,
1063 855 1155 893 adeo
1178 855 1240 892 diu
1261 863 1568 903 convergentem,
1607 853 1698 891 adeo
1714 852 1832 898 multo
1859 864 1913 891 eo«

313 913 470 961 globulo
493 914 764 962 angustiorem,
800 916 837 952 in
864 915 1042 962 pellucida
1067 915 1144 952 vasa
1168 914 1277 963 usque
1305 921 1481 963 penetret.

375 971 516 1010 Verum
544 975 789 1022 experimenta
816 973 906 1012 nihil
925 973 1036 1011 simile
1054 974 1196 1011 docent.
1235 973 1329 1011 Nam
1356 985 1468 1023 aqua,
1498 971 1745 1022 ichthyocolla
1770 973 1809 1008 in
1832 971 1913 1011 fru*

314 1033 431 1070 menti
455 1031 576 1080 spiritu
597 1031 760 1070 dissoluta
777 1061 786 1075 ,
828 1033 952 1070 oleum
976 1034 1250 1075 terebinthinae,
1284 1032 1432 1075 sebum,
1464 1044 1561 1074 cera,
1592 1031 1760 1069 facillime
1784 1032 1825 1068 in
1845 1043 1911 1069 vam

315 1091 348 1128 sa
368 1091 546 1140 pellucida
566 1091 742 1134 subeunt,
769 1093 803 1128 δι
825 1104 925 1142 aeque
948 1092 1050 1129 facile
1064 1120 1073 1134 ‚
1095 1104 1205 1141 quam
1232 1092 1270 1128 in
1290 1092 1435 1130 rubram
1462 1103 1591 1129 venam
1612 1097 1671 1128 aut
1697 1092 1735 1128 in
1757 1091 1906 1128 asterio·

314 1150 365 1188 las
383 1149 507 1193 flavas,
536 1150 739 1200 sanguineis
760 1153 1002 1189 conterminas
1019 1179 1027 1194 ,
1063 1150 1087 1188 fi
1112 1163 1191 1201 quae
1210 1150 1351 1189 fuerint.
1389 1151 1478 1189 Non
1494 1150 1636 1188 dudum
1656 1150 1880 1188 ostendimus
1890 1176 1911 1194 ‚‚

317 1221 447 1247 omnes
468 1222 531 1247 eos
554 1210 714 1260 liquores
734 1239 742 1253 ‚
792 1223 885 1260 quos
912 1211 1069 1248 diximus
1087 1238 1095 1253 ‚
1139 1209 1398 1259 expeditissime
1427 1209 1572 1248 tranfire
1597 1211 1636 1246 in
1661 1209 1804 1247 cellulas
1830 1209 1914 1246 adi--

257 1274 259 1277 “
316 1269 418 1318 posas
444 1270 499 1315 (g
516 1270 535 1317 )
551 1297 560 1311 ‚
602 1270 637 1306 δι
663 1269 798 1307 facilius
825 1271 922 1313 fere,
958 1282 1066 1320 quam
1089 1261 1126 1306 in
1153 1282 1286 1307 venas:
1323 1270 1492 1318 proxima
1515 1268 1660 1306 facilitas
1685 1267 1735 1306 est
1764 1267 1907 1305 exhala,

317 1329 427 1366 tionis
457 1328 667 1366 intestinalis
696 1331 713 1376 (
726 1329 803 1376 h),
839 1329 1106 1372 ventricularis,
1147 1329 1183 1366 &
1201 1329 1276 1376 ejus
1293 1357 1302 1370 ‚
1342 1340 1422 1378 quae
1451 1329 1487 1365 in
1509 1339 1631 1365 caveas
1651 1327 1782 1376 pleurae
1802 1329 1819 1374 (
1834 1329 1909 1373 i),f

316 1386 506 1439 pericardii
523 1415 532 1430 ‚
568 1388 704 1425 cerebri
724 1387 930 1427 effunditur.
979 1387 1116 1427 Omnia
1135 1388 1211 1425 haec
1231 1387 1411 1437 pellucida
1432 1387 1509 1424 vasa
1524 1399 1625 1436 aeque
1644 1386 1746 1423 facile
1761 1414 1771 1429 ‚
1801 1387 1837 1423 &
1854 1386 1911 1423 fa·

318 1447 419 1484 cilius
434 1475 443 1489 ,
472 1458 582 1495 quam
610 1459 709 1485 venae
729 1448 845 1485 rubrae
865 1477 875 1491 ,
911 1460 975 1497 per
1002 1448 1143 1485 arterias
1168 1447 1352 1496 replentur
1367 1475 1376 1490 ‚
1421 1458 1506 1483 cum
1528 1453 1651 1484 tamen
1672 1457 1800 1483 eorum
1824 1445 1906 1495 plu-

316 1507 406 1543 rima
427 1506 609 1554 liquorem
639 1506 733 1544 flavo
760 1506 837 1544 sero
859 1508 976 1545 multo
998 1509 1204 1545 tenuiorem
1230 1505 1387 1548 vehant,
1424 1518 1543 1555 neque
1563 1507 1654 1544 adeo
1669 1535 1679 1550 ‚
1717 1516 1762 1542 ex
1786 1505 1907 1554 hypo-2

317 1564 404 1602 thesi
424 1594 434 1608 ‚
470 1576 515 1601 ex
540 1567 674 1602 arteriis
702 1566 819 1604 rubris
836 1595 845 1609 ,
885 1566 944 1604 sed
968 1578 1012 1603 ex
1035 1565 1133 1604 flavis
1150 1594 1159 1609 ,
1199 1573 1260 1604 aut
1287 1565 1439 1603 demum
1456 1577 1502 1603 ex
1519 1564 1593 1603 aliis
1613 1578 1632 1604 a
1657 1565 1775 1604 rubris
1794 1565 1910 1602 etiam-

317 1625 578 1662 remotioribus
603 1625 827 1663 vasculorum
844 1627 1038 1675 generibus
1059 1626 1254 1663 nascantur.

376 1681 565 1722 Valentius
588 1692 846 1733 argumentum
871 1686 941 1728 est,
983 1685 1084 1735 quod
1110 1698 1129 1723 a
1150 1685 1322 1734 sanguine
1347 1684 1507 1723 sumitur.
1544 1682 1635 1722 Eum
1657 1695 1801 1733 aequum
1829 1682 1905 1726 est2}

314 1740 514 1779 seeundum
537 1756 614 1781 eam
639 1744 855 1793 hypothesin
870 1773 879 1788 ,
922 1757 1000 1795 quae
1028 1745 1129 1782 series
1156 1743 1219 1782 sibi
1243 1743 1474 1791 succedentes
1501 1743 1728 1781 vasculorum
1753 1743 1871 1784 statuit
1888 1770 1908 1785 ,

316 1799 527 1838 difficillime
556 1804 593 1839 in
609 1803 684 1840 vasa
708 1804 886 1852 pellucida
902 1806 1034 1842 venire.
1067 1803 1110 1842 Et
1128 1812 1248 1842 tamen
1274 1803 1422 1852 vulgare
1444 1803 1493 1840 est
1517 1804 1552 1840 &
1575 1804 1791 1844 innoxium,
1821 1813 1906 1851 per*

315 1872 386 1908 que
404 1861 583 1909 ‘exempla
612 1874 630 1898 a
660 1863 766 1899 nobis
796 1862 977 1911 proposita
999 1864 1144 1901 abunde
1175 1862 1455 1905 confirmatum,
1496 1861 1707 1909 sanguinem
1733 1860 1903 1909 frequen-

314 1926 390 1961 ter3
427 1920 463 1956 &
484 1919 610 1963 facile,
648 1933 711 1969 per
749 1923 888 1970 integra
916 1922 1012 1965 vasa,
1058 1934 1134 1959 non
1160 1930 1264 1970 rupta
1286 1933 1405 1970 neque
1441 1920 1569 1958 violata
1590 1948 1598 1962 ‚
1647 1919 1904 1956 intestinorum

314 1978 366 2022 (lc
383 1979 401 2025 )
419 2006 427 2019 ,
462 1991 591 2016 renum
615 1979 710 2027 (l),
746 1983 838 2018 uteri
861 1981 989 2029 (m),
1026 1981 1186 2030 cutisque
1213 1981 1302 2028 (n)
1330 1986 1536 2028 penetrare3
1570 1978 1711 2016 facilem
1744 1989 1833 2026 ergo
1863 1978 1902 2014 &

312 2038 557 2087 propinquam
581 2040 675 2076 viam
704 2052 723 2076 a
750 2040 867 2078 rubris
895 2041 1029 2078 arteriis
1057 2042 1095 2079 in
1124 2039 1249 2079 dustus
1280 2040 1502 2078 excretorios
1522 2038 1723 2089 pellucidos
1747 2037 1820 2075 fere
1843 2042 1903 2073 to-

1828 2096 1904 2133 tius·

495 2373 560 2393 100.
585 2372 650 2395 101.

479 2405 587 2435 ensium
610 2406 751 2445 exemplo.

467 2469 473 2475 .
502 2448 570 2475 10⁶.
