2003 2748
413 140 601 189 SECT.
647 139 737 181 IV.
783 138 1028 182 MOTUS
1078 140 1358 182 CORDIs.
1594 153 1677 189 407

78 250 164 278 nem
193 249 419 289 quaecunque
448 238 548 276 causa
575 237 819 276 immeabilem
837 237 1017 280 reddidit,
1055 239 1161 275 toties
1189 239 1295 274 etiam
1316 235 1536 275 ventriculus
1553 236 1679 275 dexter

78 295 302 341 intumescit,
339 299 374 335 &
397 298 584 341 dilatatur,
620 299 657 335 &
694 297 852 346 denique
874 299 1064 346 rumpitur.
1100 296 1198 346 Ergo
1227 296 1308 345 post
1327 297 1455 334 vitium
1477 295 1678 346 respiratio-

77 361 153 402 nis,
189 370 273 396 cum
311 358 440 395 dolore
472 357 664 407 punstorio
697 369 761 394 cor
793 369 885 405 pene
911 356 1036 393 bubuli
1067 355 1198 398 simile,
1234 355 1487 404 amplissimum
1514 356 1677 406 adparuit

77 420 124 464 (y
139 419 166 462 ).
198 416 240 454 In
259 416 443 466 pulmonis
465 415 810 453 inflammationibus
827 427 890 452 cor
908 414 1181 453 tumidiffimum
1200 417 1375 463 reperitur
1389 416 1408 462 (
1420 427 1444 451 z
1458 415 1487 463 ).
1524 415 1566 453 In
1584 415 1677 465 pho-

78 476 189 513 nascis
208 476 448 525 orthopnois,
485 476 537 512 uti
568 475 744 517 auricula,
782 476 827 511 ita
858 474 984 512 dexter
1013 474 1233 511 ventriculus
1264 476 1354 511 mire
1381 474 1545 512 dilatatur
1573 475 1674 523 (a).

75 534 119 573 In
137 535 359 584 hydropico,
391 544 475 571 cnm
489 533 683 582 pulmones
718 533 814 583 plani
843 532 953 570 essent
984 534 1020 570 &
1053 532 1144 575 elisi,
1178 545 1242 570 cor
1277 532 1479 580 dextrum(
1496 535 1532 571 &
1552 537 1677 572 arteria

76 594 329 644 pulmonalis)
351 591 559 642 ampliffima
583 592 661 641 (h)
684 592 759 631 fuit.
796 590 968 642 Demque
995 593 1075 642 post
1099 592 1321 630 saltationem
1350 594 1387 630 &
1424 592 1547 630 aestum
1570 606 1679 632 vene-

75 665 202 695 reum,
240 664 323 690 cum
343 651 505 702 sanguis,
541 660 580 690 ut
612 651 700 690 solet
716 681 725 695 ‚
752 654 788 689 in
803 651 973 690 anhelum
990 652 1206 701 pulmonem
1232 660 1510 701 congereretur,
1545 655 1678 691 ventri-

75 711 177 749 culus
203 710 329 749 dexter
349 711 467 748 subito
494 718 620 760 ruptus
653 712 702 749 est
740 710 834 761 (c).
873 710 974 749 Idem
1005 712 1225 749 ventriculus
1241 711 1380 750 medius
1397 713 1559 760 crepuit,
1590 724 1677 751 cum

74 774 186 809 aortae
214 772 320 819 origo
349 769 474 808 callosa
504 770 589 807 facta
615 769 698 807 effet
727 773 743 817 (
757 770 818 816 d).
857 770 897 808 In
919 771 1014 820 peste
1042 783 1106 808 cor
1131 773 1235 820 copia
1261 771 1389 820 ingesti
1420 771 1598 820 sanguinis
1623 772 1678 810 di-

74 837 224 879 ruptum
244 830 311 867 fuit
328 830 412 877 (e).
450 828 585 866 Similia
597 828 708 872 fiunt,
742 829 826 867 alibi
842 828 971 867 melius
996 830 1209 879 repetenda,
1233 832 1374 879 quoties
1389 830 1530 879 sanguis
1548 830 1680 878 diffici-v

73 888 142 926 lius
167 901 213 926 ex
237 888 414 938 pulmone
437 889 504 925 iter
528 888 631 926 suum
663 888 818 938 expedit.

133 947 230 997 Ergo
266 948 407 996 sanguis
440 959 485 984 ex
513 947 643 985 dextro
676 947 879 986 ventriculo
910 949 948 985 in
964 950 1126 986 arteriam
1156 947 1406 999 pulmonalem
1436 949 1559 991 irruit,
1597 950 1681 988 eam‘

73 1007 220 1050 educit,
255 1019 274 1045 a
298 1007 409 1045 corde
431 1015 623 1049 removet,
661 1007 805 1057 ejusque
840 1007 1112 1056 longitudinem
1141 1015 1273 1056 auget3
1307 1010 1399 1045 inter
1432 1008 1587 1046 valvulas
1607 1008 1678 1058 fige

73 1067 235 1104 moideas
265 1068 330 1103 iter
364 1065 428 1103 fibi
462 1068 609 1115 aperit;
642 1078 697 1103 eas
731 1066 865 1104 flexiles
899 1067 1164 1105 membranulas
1195 1065 1371 1116 pressione
1405 1067 1485 1110 sua,
1520 1079 1598 1116 quae
1630 1070 1677 1106 ab

73 1127 131 1162 axi
160 1125 321 1174 undique
342 1125 386 1162 ad
416 1127 549 1163 arteriae
574 1126 751 1163 ambitum
779 1127 1083 1175 perpendicularis
1107 1127 1176 1169 est,
1211 1127 1255 1163 ad
1280 1128 1415 1164 arteriae
1441 1128 1591 1176 parietes
1614 1127 1676 1165 ad-

72 1186 215 1233 primit,
251 1185 287 1221 Sc
315 1196 437 1222 caveas
459 1197 582 1222 earum
607 1184 738 1222 velares
761 1193 925 1227 evacuat,
962 1193 1003 1223 ut
1027 1188 1181 1223 omnino
1204 1194 1330 1234 praeter
1352 1187 1541 1223 minimam
1562 1186 1681 1224 erasti-¹

72 1243 161 1280 tiem
191 1243 288 1281 suam
317 1243 408 1280 nihil
434 1242 610 1286 habeant,
647 1244 748 1293 quod
781 1246 914 1282 arteriae
944 1245 1074 1283 ostium
1106 1245 1298 1294 impediat3
1332 1245 1441 1294 ipsam
1471 1257 1556 1283 vero
1582 1244 1677 1284 hanc

73 1302 247 1340 tantillam
272 1301 458 1340 crassitiem
478 1301 572 1341 finus
594 1305 728 1341 arteriae
755 1302 833 1352 (f)
858 1306 1056 1353 recipiunt,
1092 1311 1132 1342 ut
1155 1305 1260 1341 etiam
1277 1304 1349 1342 hoc
1369 1304 1675 1353 impedimentum

73 1362 264 1399 evanescat.
302 1361 376 1401 Cur
402 1373 489 1399 vero
499 1362 609 1410 paulo
631 1363 732 1411 post,
759 1376 777 1399 a
798 1364 976 1400 contracta
997 1365 1141 1406 arteria,
1168 1363 1309 1412 sanguis
1325 1365 1362 1400 in
1378 1375 1442 1401 cor
1464 1376 1542 1401 non
1560 1364 1677 1414 repelal

74 1420 184 1464 latur,
219 1421 356 1470 praestat
378 1422 415 1457 in
436 1430 543 1458 aortae
571 1420 748 1458 simillima
771 1421 915 1460 historia
936 1423 1063 1460 dicere.

133 1479 199 1518 His
220 1480 339 1517 modis
359 1480 580 1518 ventriculus
602 1480 728 1518 dexter
746 1480 917 1530 sanguine
940 1484 1070 1531 partlm
1091 1484 1128 1519 in
1155 1482 1351 1520 auriculam
1382 1482 1476 1520 suam
1491 1510 1500 1525 ‚
1537 1483 1575 1519 ὃς
1594 1483 1678 1532 par-2v

74 1540 139 1576 tim
162 1541 199 1576 in
218 1541 382 1577 arteriam
412 1539 660 1588 pulmonalem
688 1539 810 1582 misso,
861 1548 921 1579 aut
950 1539 1087 1584 inanis,
1122 1550 1182 1579 aut
1207 1543 1305 1578 mani
1334 1544 1544 1591 proximus,
1577 1540 1675 1579 laxa<

74 1605 151 1641 tur,
187 1606 293 1648 atque
314 1601 352 1635 in
376 1598 547 1636 diastolen
570 1591 699 1636 transit.
735 1598 777 1637 Et
805 1601 841 1636 in
864 1601 1075 1639 animalibus
1104 1601 1253 1650 quidem
1279 1601 1417 1649 frigidis
1432 1608 1552 1638 totum
1574 1612 1674 1639 nunc

73 1657 253 1705 sanguinis
281 1660 473 1696 circuitum
496 1658 761 1707 descripsimus,
807 1666 885 1697 tum
912 1671 995 1698 eum
1011 1688 1021 1705 ,
1057 1662 1120 1710 qui
1144 1672 1207 1710 per
1228 1662 1369 1697 arterias
1398 1660 1573 1709 venasque
1594 1662 1674 1698 uni-

72 1715 160 1753 versi
175 1718 337 1765 corporis
355 1719 536 1766 peragitur
553 1719 569 1764 <
577 1720 653 1765 g),
688 1726 766 1756 tum
796 1718 966 1762 alterum,
1003 1732 1078 1769 quo
1107 1719 1248 1769 sanguis
1275 1732 1319 1757 ex
1339 1732 1428 1757 vena
1453 1721 1616 1768 principe
1635 1721 1674 1759 in

71 1775 278 1819 auriculam,
293 1776 533 1814 ventriculum
549 1777 585 1813 ἃ,
597 1785 734 1815 aortam
745 1777 874 1815 transit.
890 1776 982 1816 Eum
995 1780 1198 1822 circuitum,
1215 1786 1255 1816 ut
1269 1778 1394 1816 ultima
1411 1779 1486 1816 vice
1498 1786 1669 1827 repetam,

72 1836 110 1871 in
136 1835 347 1873 animalibus
372 1835 544 1884 pellucidi
573 1835 692 1873 cordis
718 1865 728 1880 ,
772 1838 903 1886 quibus
926 1839 1031 1875 unica
1061 1850 1169 1881 vena,
1204 1837 1382 1880 auricula,
1418 1850 1522 1875 cavea
1551 1837 1671 1874 cordis

73 1893 110 1930 &
139 1895 262 1930 arteria
290 1894 359 1936 est,
394 1895 465 1942 ipse
493 1894 672 1941 sanguinis
700 1895 812 1933 rubor
838 1895 988 1945 pulchre
1016 1900 1212 1946 exprimit,
1249 1909 1359 1945 quem
1389 1897 1485 1939 vides
1513 1898 1550 1933 in
1580 1908 1672 1936 vena

71 1954 232 2002 primum
258 1950 345 1995 effe,
380 1952 465 1990 inde
485 1953 523 1989 in
551 1954 746 1991 auriculam
768 1954 933 1999 tranfire,
967 1955 1053 1994 hinc
1079 1958 1117 1994 in
1144 1955 1405 2000 ventriculum,
1450 1955 1536 1993 inde
1558 1957 1595 1992 in
1618 1968 1671 1992 ar-

1545 2021 1671 2054 teriam

171 2116 184 2153 )
209 2117 319 2154 Parerg.
345 2117 482 2154 Mezlsp.
514 2125 577 2154 144.

215 2158 362 2188 Samae
388 2157 423 2187 T.
445 2157 479 2188 ll.
509 2168 535 2196 p.
568 2164 633 2195 318.

212 2196 246 2226 M
263 2209 270 2226 1
285 2207 301 2226 c
318 2208 338 2228 H
353 2206 370 2227 t
384 2210 400 2227 r„
414 2209 430 2228 ο
443 2209 463 2227 Τ
477 2209 497 2228 T
512 2207 521 2224 1
560 2202 710 2231 Comment.
741 2201 845 2230 Bonon.
877 2199 912 2231 T.
936 2199 958 2232 Ι.

213 2237 238 2267 D
253 2247 276 2267 υ
291 2249 307 2268 ν
322 2249 335 2268 r
350 2249 367 2268 R
382 2249 401 2268 N
418 2249 432 2268 a
448 2249 469 2269 τ
490 2241 628 2271 Memoir.
647 2243 680 2270 de
701 2242 815 2272 l'Acarl.
843 2243 888 2271 des
905 2240 1012 2280 scienc,
1039 2252 1126 2283 1730.
1143 2253 1171 2282 p.
1198 2249 1263 2282 158.

217 2277 239 2306 V
252 2289 270 2308 A
286 2289 305 2307 T
320 2289 334 2308 re.
349 2289 367 2307 R
393 2280 426 2308 de
451 2279 524 2318 caus?
548 2288 632 2312 mort.
649 2280 740 2320 ,Ῑὶιίνῐι

214 2320 361 2348 Breslauer
383 2321 550 2359 Samlungen
578 2332 665 2359 ¹7²3·
695 2323 736 2353 M.
764 2322 825 2353 Mai
864 2333 891 2363 p.
924 2327 988 2362 560.

209 2359 404 2396 QunsNru
428 2362 474 2391 des
491 2362 592 2399 flevres
613 2364 647 2396 T.
680 2364 714 2395 ll.
743 2374 772 2403 p.
803 2370 870 2401 448.

213 2409 239 2437 Ρ-
269 2410 332 2438 337-

215 2441 300 2471 Libro
316 2441 367 2472 ΠΙ.
390 2442 569 2481 descriptum.
811 2458 827 2472 ο

111 2115 128 2477 ΛΛΑΑΛΛΑΓΝΓΝ

141 2369 164 2477 συκῆ
141 2288 162 2347 a„
141 2207 159 2266 ιν»
132 2126 163 2187 »0³2

173 2159 193 2477 ψψψνυψυυ
