2003 2748
318 152 498 191 SECT.
546 151 615 190 II.
683 150 960 192 CORDIS
1025 146 1422 190 AURICULAE.
1585 155 1664 190 299

86 248 126 286 ’δε
150 260 235 298 apus
271 247 379 299 (st)
412 247 544 296 gracile
573 240 623 284 δι’
638 248 794 295 longum
820 247 975 289 habent,
1019 246 1121 296 quod
1158 247 1196 282 in
1220 245 1403 293 bombyce
1429 239 1474 279 ad
1507 238 1669 287 fingulos

86 309 215 346 anulos
246 309 284 343 in
313 308 505 356 quemdam
532 306 627 355 quasi
653 307 794 344 nodum
828 305 1064 343 intumescere
1096 304 1375 342 MALPIGHI
1393 313 1442 338 us
1468 299 1588 337 austor
1620 297 1670 334 eit

85 366 202 415 (u),
237 368 454 403 recentiores
482 377 568 402 vero
597 366 791 402 anatomici
817 364 1035 414 aequabiliter
1071 363 1267 413 protendi,
1306 361 1568 408 nodosumque
1595 356 1673 406 spe-

81 426 176 464 ciem
199 426 242 463 ab
269 425 502 463 incumbente
525 423 628 473 adipe
659 423 788 462 habere
810 424 1044 462 observarunt
1067 424 1165 470 (x).

601 521 635 562 §.
669 516 725 555 ΙΙ.
793 518 929 565 FIgura
955 519 993 555 in
1019 517 1167 554 homine.

145 613 215 651 Sed
236 614 432 651 accuratius
448 618 595 661 oportet
611 611 655 649 de
682 612 801 650 cordis
825 611 939 661 figura
958 612 1076 649 dicere
1091 640 1102 654 ‚
1132 610 1245 660 qualis
1265 611 1300 647 in
1314 609 1465 647 homine
1490 608 1547 645 est.
1584 605 1676 645 Eam

83 672 172 712 'cum
203 684 300 709 cono
330 679 524 721 conparare
554 670 686 720 poffis,
733 684 843 721 quem
871 672 1019 721 planum
1046 670 1195 720 aliquod
1221 681 1284 719 per
1301 671 1384 706 axin
1413 666 1594 705 transeuns
1619 666 1672 702 bi-

84 733 201 782 pertit.
238 731 289 769 Ita
320 731 495 774 nascitur,
534 742 579 767 ex
606 731 771 768 rotundo
799 731 948 780 quidem
974 730 1112 768 ambitu
1139 730 1248 771 coni,
1289 740 1399 777 quem
1423 727 1578 764 secantes
1606 726 1676 762 cir-

87 791 160 828 culi
192 790 260 828 suis
287 790 497 840 peripheriis
528 792 748 833 terminant,
781 788 894 838 facies
923 801 1079 826 convexa
1107 789 1162 835 (y
1180 790 1225 835 ):
1257 799 1302 824 ex
1330 787 1442 836 planis
1468 797 1554 823 vero
1567 786 1680 821 triam-

87 850 270 898 gularibus
287 878 295 892 ‚
332 861 411 898 quae
434 849 539 886 secffio
568 849 760 898 separavit,
787 847 900 896 facies
928 848 1040 885 cordis
1063 848 1167 896 plana
1194 847 1299 894 (z),
1335 858 1421 895 quas
1442 856 1549 882 voces
1578 843 1608 892 J.
1633 841 1672 879 Bi.

88 907 170 946 W1
186 920 209 945 N
225 921 240 945 s
253 921 273 945 L
287 919 357 946 ow
370 920 390 945 υ
407 921 421 945 s
451 908 585 946 utiliter
606 909 837 956 excogitavit.
879 907 1025 944 Easdem
1059 906 1178 944 cordis
1193 906 1298 942 facies
1318 904 1352 941 F.
1381 904 1414 941 R
1429 915 1482 940 uY
1496 916 1511 940 s
1527 915 1546 939 c
1558 915 1582 939 n
1595 913 1607 938 1
1622 913 1645 937 U
1660 913 1674 937 s

87 964 166 1017 (a)
185 980 262 1005 non
278 968 483 1016 ignoravit,
519 979 596 1005 non
616 974 739 1006 tamen
753 966 831 1005 satis
848 966 940 1004 redte
958 968 995 1004 in
1011 965 1165 1004 robustis
1182 964 1392 1002 hominibus
1406 965 1513 1002 unice
1531 962 1676 1011 adparea

86 1038 126 1064 re
145 1028 294 1075 putavit.

148 1085 287 1123 Verum
309 1088 362 1124 uti
391 1087 428 1123 in
448 1087 654 1125 universum
679 1092 803 1124 natura
828 1087 865 1122 in
892 1097 1046 1135 corpore
1076 1084 1237 1123 humano
1268 1084 1330 1120 vix
1360 1094 1523 1132 unquam·
1546 1081 1685 1130 figuras*

89 1146 235 1194 penitus
250 1146 428 1193 regulares
443 1145 559 1184 secuta
579 1147 627 1183 est
643 1174 652 1188 ,
686 1148 733 1182 ita
753 1157 871 1195 neque
889 1147 926 1181 in
945 1145 998 1181 his
1019 1145 1175 1181 faciebus
1191 1143 1343 1193 perfecta
1359 1144 1445 1179 coni
1459 1141 1538 1178 secti
1559 1139 1679 1177 simili»-

90 1203 182 1241 tudo
197 1206 383 1253 reperitur.
416 1204 512 1241 Nam
528 1205 687 1254 superior
705 1204 853 1253 quidem
869 1204 988 1241 cordis
1006 1203 1110 1240 facies
1129 1203 1175 1240 fic
1192 1202 1269 1239 satis
1285 1203 1370 1239 coni
1386 1209 1536 1238 teretem
1552 1207 1679 1236 rotun-

92 1264 238 1301 ditatem
259 1292 270 1306 ‚
304 1266 341 1300 in
357 1276 509 1301 acumen
526 1271 754 1312 extenuatam
771 1263 877 1300 refert
893 1291 901 1306 ,
942 1275 985 1300 cu
989 1264 1044 1311 jus
1059 1262 1165 1299 altera
1182 1262 1353 1299 medietas
1368 1262 1404 1296 in
1419 1260 1528 1309 plano
1545 1270 1687 1296 conve-2<

91 1335 143 1361 xo
159 1350 168 1365 ‚
205 1322 310 1360 altera
327 1325 362 1360 in
385 1323 494 1372 plano
524 1324 643 1361 cordis
668 1323 760 1360 recte
787 1322 1014 1371 conspicitur.
1050 1320 1197 1359 Deinde
1215 1322 1251 1358 &
1277 1322 1316 1357 in
1340 1319 1513 1368 superiori
1539 1317 1648 1367 plano
1666 1345 1683 1360 ν

95 1383 131 1419 &
147 1383 183 1418 in
199 1382 361 1419 inferiori
378 1384 484 1419 etiam
510 1384 623 1431 magis
635 1411 643 1425 ‚
679 1382 776 1419 linea
794 1380 949 1430 depressa
968 1381 1045 1428 (b)
1064 1393 1141 1419 eam
1161 1387 1313 1418 teretem
1328 1378 1589 1417 rotunditatem
1613 1386 1690 1414 tera

94 1443 208 1478 minat
228 1469 238 1483 ‚
273 1453 350 1490 quae
372 1441 446 1478 vasa
461 1444 596 1489 majora
617 1442 737 1479 educit
755 1469 764 1483 ‚
801 1442 837 1478 ὃς
859 1453 923 1478 cor
940 1441 1096 1489 bipertit,

154 1499 324 1536 Anterior
346 1512 433 1537 vero
458 1500 655 1550 eademque
673 1499 846 1537 humilior
863 1499 981 1536 cordis
1006 1499 1103 1537 sedes
1127 1511 1204 1535 non
1225 1498 1375 1547 perinde
1413 1509 1576 1534 convexa
1602 1496 1688 1549 estJ

95 1558 155 1596 sed
175 1560 211 1595 in
228 1558 400 1607 superiori
417 1558 526 1608 plano
546 1588 556 1602 ‚
590 1571 682 1609 pene
698 1560 802 1608 plana
818 1587 827 1601 ,
860 1558 1061 1596 antrorsum
1082 1565 1296 1596 extenuatur
1321 1559 1358 1594 in
1374 1558 1485 1594 aciem
1504 1585 1518 1599 ,
1550 1567 1628 1604 quae
1644 1556 1684 1591 in

96 1618 205 1667 plano
226 1618 386 1655 inferiori
407 1647 418 1660 ‚
451 1618 597 1655 alteram
623 1620 752 1668 pariter
770 1617 988 1655 reffilineam
1012 1617 1234 1667 superficiem
1254 1617 1373 1654 cordis
1398 1617 1574 1653 terminat.
1611 1612 1683 1652 Hic

96 1677 249 1725 angulus
276 1676 460 1726 infigniter
481 1686 604 1716 acutus
624 1679 681 1715 est.
717 1678 841 1723 Quare
861 1676 886 1713 fi
907 1679 1080 1715 minutius
1102 1677 1253 1725 figuram
1272 1675 1415 1713 scrutari
1433 1675 1570 1724 placet,
1604 1686 1684 1723 quae

97 1748 116 1773 a
136 1737 255 1774 cordis
281 1737 433 1774 seclione
464 1737 617 1775 nascitur
637 1766 646 1780 ‚
683 1737 836 1775 circulus
867 1738 959 1779 erit,
1010 1749 1057 1774 ex
1085 1737 1186 1783 cujus
1215 1736 1353 1772 ambitu
1381 1735 1460 1772 duee
1495 1740 1692 1782 tangentes⁴

97 1795 280 1833 ducuntur
300 1824 309 1838 ‚
356 1809 506 1845 quarum
535 1797 641 1834 altera
661 1797 847 1833 horizonti
870 1796 1033 1844 parallela
1055 1824 1063 1838 ,
1100 1807 1185 1832 cum
1208 1794 1314 1832 altera
1334 1794 1482 1843 oblique
1508 1794 1552 1830 ad
1576 1793 1685 1829 istum

97 1855 264 1892 inclinata
287 1856 462 1903 angulum
483 1864 631 1893 acutum
650 1857 840 1904 intercipit.
876 1854 982 1892 Hanc
1003 1856 1115 1892 aciem
1143 1855 1347 1901 marginem⁴
1369 1854 1487 1890 cordis
1510 1851 1581 1898 (c)
1603 1863 1694 1887 acu--

99 1921 179 1950 tum
201 1917 341 1951 vocavit
370 1914 405 1951 V
420 1927 439 1951 E
452 1928 466 1951 s
480 1927 502 1951 A
517 1928 536 1951 L
553 1928 601 1952 10
632 1916 651 1962 (
668 1916 719 1960 d)
737 1926 813 1952 non
834 1916 1019 1962 ignoratus
1039 1914 1106 1952 suit
1127 1942 1138 1955 ,
1158 1921 1199 1950 ut
1219 1923 1340 1950 tamen
1361 1913 1494 1951 dextrae
1514 1909 1588 1949 sedi
1606 1922 1693 1946 cor-2

102 1972 154 2009 dis
176 1984 254 2008 non
271 1974 414 2021 penitus
435 1981 596 2011 accurate
618 1974 789 2011 tribueret
809 2002 821 2016 ‚
856 1975 921 2022 qui·
943 1983 1041 2012 totus
1062 1974 1219 2010 anterior
1244 1971 1301 2008 fin.

1600 2027 1696 2066 Por-2-

145 2085 159 2121 (
177 2085 206 2115 t*
225 2087 238 2123 )
261 2086 279 2116 S
292 2095 308 2114 c
322 2095 342 2114 H
359 2096 374 2114 Α
388 2096 404 2115 ε
420 2097 431 2115 ε
447 2097 460 2115 F
475 2097 490 2116 ε
505 2096 526 2117 R
551 2088 578 2116 in
601 2087 715 2124 proprio
745 2086 852 2115 libello.
880 2086 1049 2117 Peristaltico
1076 2093 1156 2117 motu
1180 2086 1316 2123 agitatum
1346 2086 1426 2116 vidit,

146 2126 223 2163 (u)
246 2127 262 2156 l.
283 2136 306 2155 c.
335 2127 376 2156 Ex
405 2127 512 2165 fingulo
541 2129 617 2158 nodo
646 2128 709 2158 Vasa
732 2129 766 2157 ad
790 2134 885 2165 partes
912 2129 1018 2158 vicinas
1047 2130 1127 2158 add2t
1147 2127 1249 2157 emitti,

146 2167 226 2204 (x)
251 2167 474 2198 lime-mua
499 2169 515 2200 l.
539 2179 562 2198 c.

146 2207 160 2243 (
176 2218 193 2240 ‘V
212 2211 224 2241 )
249 2209 294 2238 W
311 2220 318 2236 1
334 2219 352 2236 N
365 2220 374 2238 ς
388 2219 404 2238 L
420 2219 437 2238 o
452 2221 477 2238 w
502 2211 640 2241 Alemoir.
663 2210 695 2238 de
711 2209 822 2240 l'Acaid.
843 2210 888 2238 cies
900 2207 1006 2248 scienc.
1027 2219 1115 2247 ¹715·
1133 2219 1160 2247 p.
1177 2217 1243 2246 229.
1261 2206 1365 2247 Est-pos
1385 2214 1462 2237 anat.
1486 2206 1520 2237 T.
1535 2205 1584 2238 IV.
1605 2207 1701 2236 Trai<r

104 2246 133 2278 ιε’
151 2249 183 2277 de
206 2250 232 2277 la
250 2252 372 2285 poitrine
399 2260 425 2279 n.
449 2261 498 2288 70.
527 2255 572 2289 76.
599 2261 649 2289 77.

148 2288 226 2326 (z)
247 2288 344 2328 Expos
365 2300 389 2320 n.
421 2301 466 2328 77.

148 2330 161 2366 (
178 2342 196 2359 a
215 2334 226 2366 )
251 2333 267 2361 R
285 2342 308 2361 U
324 2342 343 2360 Y
357 2343 367 2361 s
380 2341 396 2361 c
412 2342 431 2361 H
456 2329 535 2371 Thes
552 2331 599 2362 IV.
618 2341 645 2362 n.
667 2335 713 2369 96.
727 2331 761 2362 In
775 2331 809 2363 T.
828 2332 876 2363 ΠῘ.
892 2333 913 2362 fj
927 2344 946 2362 1.
962 2332 1075 2371 planam
1090 2331 1191 2362 faciem
1205 2354 1213 2369 ‚
1241 2331 1268 2361 in
1282 2331 1300 2362 f.
1321 2341 1344 2362 z.
1360 2339 1525 2362 convexam
1541 2328 1693 2369 exprimi&

150 2371 226 2407 (b)
249 2372 331 2402 Conf.
352 2371 445 2411 fifiic.
472 2372 520 2402 IV.
546 2375 584 2403 Ic.
610 2381 688 2403 anat.
712 2374 731 2404 s.
761 2383 786 2411 3.
807 2374 854 2405 SE
871 2384 889 2403 N
904 2384 958 2404 AC
982 2374 1016 2406 T.
1043 2373 1075 2404 V.
1104 2374 1123 2404 f.
1154 2383 1186 2403 2*

150 2412 197 2449 (c
217 2413 230 2449 )
254 2414 316 2443 Dill'.
342 2414 374 2441 de
401 2412 458 2452 rus
479 2415 553 2444 cord.
576 2422 670 2452 propr.
687 2424 714 2444 n<
738 2425 766 2445 2,

147 2453 224 2492 (d)
245 2454 274 2486 L.
296 2454 342 2487 v1.
368 2465 391 2485 e.
421 2466 450 2493 9.
484 2466 511 2495 p.
528 2464 602 2495 7²9·

1106 2500 1283 2551 Pp2
