2003 2748
398 124 625 167 sacr.
689 124 720 162 J.
785 122 1353 166 VELAMJENTA:
1586 124 1676 175 ¹275·

78 224 125 263 {ea
153 233 241 261 vero
265 219 416 260 adhaefio
437 222 670 260 continuatur
688 233 707 259 a
731 227 864 258 trunco
894 221 970 267 ejus
997 223 1132 257 arteriae
1159 219 1223 258 sub
1261 219 1369 257 ductu
1401 219 1599 265 arterioso,
1638 223 1676 259 δε

83 282 287 320 antrorsum
308 282 371 319 sub
399 293 501 319 ramo
526 280 665 318 finistro
680 309 689 322 ‚
725 281 761 317 δι
779 282 871 317 circa
902 279 1035 317 finistra
1060 279 1186 317 duetus
1203 277 1362 318 arterioss
1379 307 1387 321 ,
1425 279 1584 330 indeque
1603 280 1676 319 sur-

84 342 164 382 sum
186 353 249 391 per
269 340 477 379 arteriosum
499 340 656 378 ductum.

144 401 308 439 Alterum
327 429 336 444 ,
373 400 543 437 dextrum
562 427 571 441 ,
613 399 760 446 longius
794 400 851 445 (n
868 397 888 446 )
908 427 918 441 ‚
960 397 1004 435 ad
1032 398 1157 436 dextra
1183 399 1273 434 rami
1299 396 1426 436 sinistri
1455 398 1674 448 pulmonalis

84 462 220 499 arteriae
248 460 297 497 est
313 488 321 502 ,
355 471 425 508 qua
451 458 693 508 pericardium
715 456 879 494 latissime
899 458 942 494 ad
973 467 1111 495 aortam
1137 456 1302 495 adhaeret.

145 519 243 557 Inter
267 518 335 556 hos
354 519 447 556 duos
471 529 585 556 caecos
602 516 690 554 fines
715 517 957 566 pericardium
977 517 1125 554 inferius
1146 516 1302 554 adhaeret
1316 545 1325 559 ,
1361 515 1405 553 ad
1422 515 1577 555 radicem
1594 518 1676 556 sub-

82 579 205 618 claviae
228 579 362 614 arteriae
389 577 522 614 dextrae
540 605 549 619 ‚
590 577 636 613 ita
668 575 821 614 nascitur
852 576 1073 620 semilunaris
1102 576 1186 623 (ο)
1219 575 1315 626 quafi
1343 575 1455 613 inflati
1485 578 1674 626 pericardii

80 637 180 679 :finus
198 665 207 680 ,
245 637 346 684 cujus
373 648 508 683 cornua
531 635 669 673 sursum
693 635 898 685 respiciunt.

144 696 336 734 Anteriora
360 708 490 733 cornua
514 697 658 733 notiora
680 694 759 733 sunt
774 724 784 738 ,
825 703 866 733 ut
885 702 1006 733 tamen
1032 697 1142 733 etiam
1166 707 1184 732 a
1211 697 1358 745 nuperis
1381 695 1615 746 scriptoribus
1637 698 1676 743 in

79 757 235 797 :unicum
258 755 277 802 (
290 763 317 803 p
335 756 355 804 )
377 767 512 793 caecum
532 757 672 804 apicem
693 756 976 804 conjungantur.
1012 755 1083 792 Sed
1101 756 1256 793 omnino
1274 755 1350 793 duo
1370 755 1458 794 sunt.
1491 755 1677 794 Dextrum

86 815 197 865 (q),
229 814 332 853 altius
354 815 402 852 est
429 814 473 852 ad
496 816 672 852 exteriora
699 822 831 857 aortae,
867 815 911 856 ad
937 816 1081 852 unicam
1101 815 1145 852 ab
1166 816 1303 852 arteriae
1330 814 1517 854 subclaviae
1542 815 1677 853 dextrae

84 875 216 913 lineam
233 902 242 917 ,
278 874 371 912 hanc
397 875 491 912 inter
519 875 554 911 ἃ
581 886 704 911 cavam
736 885 874 911 venam.

146 933 335 972 Sinistrum
360 934 544 983 aliquanto
576 933 749 971 humilius
769 932 823 984 (r
841 933 857 979 )
896 933 935 971 fit
953 933 997 970 ab
1021 931 1222 972 adhaefione
1243 934 1434 982 pericardii
1448 935 1486 971 in
1509 940 1616 971 aortae
1636 944 1677 971 o-

81 1005 160 1032 tam
180 992 373 1035 sinistram,
410 1005 488 1043 quae
514 992 559 1030 ad
585 994 762 1030 anteriora
790 993 827 1030 &
848 992 1053 1030 dexteriora
1081 991 1207 1030 ductus
1237 993 1395 1030 arteriofi
1419 994 1592 1043 ponitur,
1639 994 1676 1030 δε

87 1053 212 1090 eadem
233 1051 394 1090 altissima
419 1053 476 1090 est.
514 1051 610 1091 Cum
638 1051 768 1089 dextro
792 1063 908 1090 cornu
937 1053 1176 1100 conjungitur
1209 1064 1272 1100 per
1290 1063 1368 1089 eam
1397 1051 1555 1095 lineam,
1597 1063 1677 1100 quae

85 1113 124 1149 in
151 1112 338 1161 pericardii
365 1111 409 1149 ad
433 1124 510 1149 earn
539 1113 706 1149 arteriam
735 1111 930 1149 insertione
965 1113 1043 1149 imo
1071 1111 1157 1149 loco
1186 1111 1234 1148 est
1269 1111 1372 1158 [s],
1413 1113 1449 1149 &
1484 1111 1677 1159 conjuncta

80 1170 161 1212 shaec
178 1171 253 1208 duo
280 1183 417 1208 cornua
443 1171 595 1220 perinde
612 1170 867 1208 semilunarem
888 1170 1042 1220 figuram
1068 1169 1187 1208 inflata
1214 1169 1376 1208 efficiunt
1406 1170 1499 1218 (t).

145 1229 240 1268 Caeci
261 1231 367 1268 etiam
383 1230 475 1267 sacci
496 1232 582 1270 varii
604 1229 705 1273 sunt,
743 1233 836 1267 inter
859 1229 976 1268 finum
1005 1229 1185 1268 finistrum
1216 1230 1252 1266 &
1277 1230 1518 1279 pericardium
1534 1259 1543 1273 ,
1583 1231 1676 1266 inter

79 1288 173 1328 duas
197 1288 557 1339 venas'pulmonales
579 1288 729 1327 finistras
747 1319 756 1333 ,
797 1289 1010 1339 dextrasque
1036 1289 1148 1328 duas:
1186 1291 1280 1326 inter
1299 1291 1462 1326 arteriam
1483 1289 1676 1338 pulmona-

84 1349 158 1386 lem
181 1348 345 1386 dextram
369 1362 571 1399 venamque
589 1361 739 1396 cavamg
771 1350 867 1392 inter
901 1350 1002 1386 istam
1034 1350 1073 1393 ,ὃς
1098 1356 1234 1387 aortam
1248 1361 1259 1395 3
1292 1350 1386 1386 inter
1407 1350 1572 1386 arteriam
1597 1348 1677 1399 pul?

79 1408 271 1447 zmonalem
292 1409 328 1446 &
349 1421 479 1451 venam
502 1408 684 1447 sinistram.
1593 1405 1597 1408 ”

462 1521 501 1566 »5.
543 1515 668 1561 XVI,
738 1516 886 1554 Natura
904 1517 1100 1565 perlem-dii
1126 1516 1290 1574 cellulosa.

144 1626 319 1665 Diximus
351 1626 539 1676 pericardii
562 1627 693 1665 limites
712 1656 722 1670 ,
762 1626 920 1677 sequitur
952 1634 992 1665 ut
1025 1634 1190 1667 naturam
1215 1629 1290 1675 eJ'us
1316 1626 1405 1664 sacci
1437 1638 1672 1677 exponamus,

74 1684 227 1730 iFirm-a,
261 1687 338 1726 alba
363 1685 529 1737 fibrisque
557 1687 721 1725 destituta
742 1687 951 1725 membrana
976 1686 1025 1724 est
1046 1716 1055 1730 ,
1092 1699 1170 1736 quae
1200 1698 1245 1724 ex
1274 1687 1397 1736 stipata
1424 1686 1590 1725 cellulosa
1609 1688 1678 1726 tela

84 1746 194 1788 facta,
230 1747 268 1783 in
294 1745 351 1784 fila
376 1748 482 1784 etiam
507 1747 674 1785 cellulosa
689 1759 758 1796 vper
783 1748 1066 1784 macerationem
1090 1744 1312 1793 resolvitur(
1330 1747 1393 1793 u).
1430 1746 1679 1787 Adeorobus-

77 1813 167 1846 tum
193 1805 241 1844 est
259 1834 267 1847 ,
302 1813 343 1843 ut
357 1818 486 1845 onmes
506 1809 733 1844 membranas
753 1808 917 1855 corporis
934 1806 1083 1843 humani
1104 1819 1141 1843 ea
1160 1807 1201 1843 rvi
1222 1806 1364 1855 superet
1378 1834 1387 1848 ,
1424 1818 1492 1855 qua
1514 1808 1679 1855 ruptioni

70 1864 153 1902 suae
175 1864 317 1907 resistit,
353 1866 501 1915 quando
518 1867 562 1905 ab
587 1866 727 1916 inpulso
752 1878 830 1903 aere
849 1866 1072 1903 distenditur.
1108 1865 1150 1903 In
1173 1878 1259 1902 cane
1281 1873 1376 1902 certe
1392 1865 1451 1902 sex
1468 1865 1678 1913 atmosphae÷=

86 1935 207 1961 rarum
232 1924 380 1972 pondus
412 1937 498 1962 cum
532 1932 592 1967 18.
624 1925 825 1963 centesimis
846 1926 928 1963 tulit
953 1926 1016 1973 (x
1032 1927 1051 1972 )
1067 1953 1077 1967 ‚
1115 1927 1152 1961 in
1180 1936 1256 1973 quo
1282 1923 1435 1961 animale
1459 1925 1534 1970 ejus
1564 1922 1677 1963 craffi-

87 1984 155 2019 ties
185 1982 234 2020 est
261 1984 369 2020 unius
392 1994 440 2028 41
456 1995 547 2027 3¹1³ae
565 1987 672 2033 partis
697 1985 857 2034 pollicis:
891 1996 974 2026 cum
994 1986 1032 2021 in
1053 1984 1204 2021 homine
1221 1991 1318 2020 aorta
1333 2011 1342 2026 ‚
1375 1984 1483 2019 toties
1511 1981 1674 2027 craffior„

79 2049 244 2091 quatuor
268 2049 409 2082 tantum
434 2043 750 2094 atmosphaerarum
774 2043 989 2093 pressionem
1011 2043 1218 2081 toleraverit
1240 2055 1325 2080 cum
1349 2052 1370 2087 7
1398 2041 1548 2088 decimis
1573 2043 1626 2091 (y
1644 2042 1676 2089 ).

1575 2097 1597 2099 ”
1630 2100 1677 2149 ‚112-

128 2197 204 2235 (n)
227 2196 297 2228 lbid
320 2197 347 2228 P.
938 2200 962 2236 .(
981 2206 993 2229 t
1016 2200 1029 2237 )
1050 2198 1123 2230 lbid.
1144 2199 1179 2231 O.
1208 2200 1247 2232 N.
1274 2199 1314 2230 Μ.

128 2238 478 2277 (0)1bid.P..Q.‘F.
938 2239 1428 2277 2(u)Scu031xmzn‹Lc.
1454 2248 1556 2278 p..7,1.

129 2277 171 2316 (p
191 2280 204 2316 )
227 2279 509 2311 Gansncro’r
532 2281 567 2314 T.
595 2282 754 2322 lI.p·1„8
785 2283 799 2313 f
827 2293 843 2314 z
950 2281 1680 2319 (x)CL1rToNXW'1N2-nrncuani242

77 2320 132 2352 :Sl
147 2328 168 2349 N
182 2329 201 2350 Δ
217 2329 235 2348 c
253 2319 289 2350 T.
309 2319 327 2349 l.
354 2331 382 2359 p.
406 2331 440 2359 Ἴ7.
909 2325 993 2363 quiry
1011 2324 1071 2352 into
1084 2320 1162 2361 some
1178 2329 1260 2359 parts
1289 2320 1323 2360 of
1335 2322 1381 2352 the
1411 2323 1524 2357 animal
1532 2321 1678 2363 struqfluwje

129 2359 143 2395 (
161 2360 207 2398 q)
229 2359 287 2398 Fig.
317 2362 402 2397 nostr,
423 2362 443 2394 I.
462 2363 506 2397 M,
909 2374 941 2403 p.
962 2374 1016 2399 140

129 2400 367 2437 (r)lbid.O.
952 2401 1279 2443 (y)lnr;up.49‚

120 2440 208 2479 (s)
230 2440 306 2474 lbid.
324 2442 358 2477 *N

1046 2487 1098 2532 ‚M
1127 2500 1166 2528 m
1229 2503 1249 2529 2
