<?xml version="1.0" encoding="UTF-8"?>
<!DOCTYPE html PUBLIC "-//W3C//DTD XHTML 1.0 Transitional//EN"
    "http://www.w3.org/TR/xhtml1/DTD/xhtml1-transitional.dtd">
<html xmlns="http://www.w3.org/1999/xhtml" xml:lang="en" lang="en">
 <head>
  <title>
</title>
<meta http-equiv="Content-Type" content="text/html;charset=utf-8" />
  <meta name='ocr-system' content='tesseract 3.04.00' />
  <meta name='ocr-capabilities' content='ocr_page ocr_carea ocr_par ocr_line ocrx_word'/>
</head>
<body>
  <div class='ocr_page' id='page_1' title='image "./elementaphysiolo01hall_0380.png"; bbox 0 0 2003 2748; ppageno 0'>
   <div class='ocr_carea' id='block_1_1' title="bbox 317 122 1394 182">
    <p class='ocr_par' dir='ltr' id='par_1_1' title="bbox 317 122 1394 182">
     <span class='ocr_line' id='line_1_1' title="bbox 317 122 1394 182; baseline -0.001 -12"><span class='ocrx_word' id='word_1_1' title='bbox 317 141 402 182; x_wconf 66' lang='lat'><strong>354</strong></span> <span class='ocrx_word' id='word_1_2' title='bbox 826 122 983 171; x_wconf 63' lang='lat' dir='ltr'><strong><em>DIE.</em></strong></span> <span class='ocrx_word' id='word_1_3' title='bbox 1047 124 1148 170; x_wconf 75' lang='lat' dir='ltr'><strong>JV.</strong></span> <span class='ocrx_word' id='word_1_4' title='bbox 1214 130 1394 172; x_wconf 63' lang='lat' dir='ltr'><strong>con:</strong></span> 
     </span>
    </p>
   </div>
   <div class='ocr_carea' id='block_1_2' title="bbox 307 221 1915 755">
    <p class='ocr_par' dir='ltr' id='par_1_2' title="bbox 312 221 1915 337">
     <span class='ocr_line' id='line_1_2' title="bbox 312 221 1915 277; baseline 0.001 -10"><span class='ocrx_word' id='word_1_5' title='bbox 312 230 466 268; x_wconf 80' lang='lat' dir='ltr'><strong>dierunt.</strong></span> <span class='ocrx_word' id='word_1_6' title='bbox 508 229 602 275; x_wconf 80' lang='lat' dir='ltr'><strong>Quae</strong></span> <span class='ocrx_word' id='word_1_7' title='bbox 626 240 714 266; x_wconf 86' lang='lat' dir='ltr'><strong>vero</strong></span> <span class='ocrx_word' id='word_1_8' title='bbox 733 227 829 265; x_wconf 81' lang='lat' dir='ltr'><strong>fibrae</strong></span> <span class='ocrx_word' id='word_1_9' title='bbox 851 227 1022 266; x_wconf 84' lang='lat' dir='ltr'><strong>dextrum</strong></span> <span class='ocrx_word' id='word_1_10' title='bbox 1049 227 1294 266; x_wconf 87' lang='lat' dir='ltr'><strong>ventriculum</strong></span> <span class='ocrx_word' id='word_1_11' title='bbox 1317 221 1706 277; x_wconf 63' lang='lat' dir='ltr'><strong>comprehenderunt}</strong></span> <span class='ocrx_word' id='word_1_12' title='bbox 1738 223 1787 267; x_wconf 73' lang='lat' dir='ltr'><strong>&#39;eae</strong></span> <span class='ocrx_word' id='word_1_13' title='bbox 1813 227 1851 268; x_wconf 86' lang='lat' dir='ltr'><strong>in</strong></span> <span class='ocrx_word' id='word_1_14' title='bbox 1871 227 1915 268; x_wconf 61' lang='lat' dir='ltr'><strong>fia·</strong></span> 
     </span>
     <span class='ocr_line' id='line_1_3' title="bbox 312 286 1688 337; baseline -0.003 -10"><span class='ocrx_word' id='word_1_15' title='bbox 312 290 463 327; x_wconf 87' lang='lat' dir='ltr'><strong>nistrum</strong></span> <span class='ocrx_word' id='word_1_16' title='bbox 481 288 688 331; x_wconf 83' lang='lat' dir='ltr'><strong>transeunt,</strong></span> <span class='ocrx_word' id='word_1_17' title='bbox 712 287 756 325; x_wconf 83' lang='lat' dir='ltr'><strong>ad</strong></span> <span class='ocrx_word' id='word_1_18' title='bbox 779 288 959 325; x_wconf 86' lang='lat' dir='ltr'>viminum</span> <span class='ocrx_word' id='word_1_19' title='bbox 977 287 1132 325; x_wconf 87' lang='lat' dir='ltr'><strong>modum</strong></span> <span class='ocrx_word' id='word_1_20' title='bbox 1162 289 1200 325; x_wconf 92' lang='lat' dir='ltr'><strong>in</strong></span> <span class='ocrx_word' id='word_1_21' title='bbox 1225 288 1325 337; x_wconf 89' lang='lat' dir='ltr'><strong>septo</strong></span> <span class='ocrx_word' id='word_1_22' title='bbox 1353 287 1473 325; x_wconf 87' lang='lat' dir='ltr'><strong>cordis</strong></span> <span class='ocrx_word' id='word_1_23' title='bbox 1495 286 1688 326; x_wconf 73' lang='lat' dir='ltr'><strong>decussatae.</strong></span> 
     </span>
    </p>

    <p class='ocr_par' dir='ltr' id='par_1_3' title="bbox 307 346 1915 755">
     <span class='ocr_line' id='line_1_4' title="bbox 371 346 1914 396; baseline 0.001 -11"><span class='ocrx_word' id='word_1_24' title='bbox 371 349 552 395; x_wconf 69' lang='lat' dir='ltr'><strong>johannis</strong></span> <span class='ocrx_word' id='word_1_25' title='bbox 577 347 751 385; x_wconf 70' lang='lat' dir='ltr'>TABOR</span> <span class='ocrx_word' id='word_1_26' title='bbox 782 349 799 394; x_wconf 90' lang='lat'>(</span> <span class='ocrx_word' id='word_1_27' title='bbox 815 347 872 393; x_wconf 86' lang='lat' dir='ltr'><strong>u)</strong></span> <span class='ocrx_word' id='word_1_28' title='bbox 907 347 1187 396; x_wconf 85' lang='lat' dir='ltr'>descriptionem</span> <span class='ocrx_word' id='word_1_29' title='bbox 1208 376 1216 389; x_wconf 97' lang='lat'>‚</span> <span class='ocrx_word' id='word_1_30' title='bbox 1258 347 1302 384; x_wconf 88' lang='lat' dir='ltr'><strong>ad</strong></span> <span class='ocrx_word' id='word_1_31' title='bbox 1333 347 1527 385; x_wconf 88' lang='lat' dir='ltr'><strong>brutorum</strong></span> <span class='ocrx_word' id='word_1_32' title='bbox 1562 346 1772 384; x_wconf 82' lang='lat' dir='ltr'><strong>animalium</strong></span> <span class='ocrx_word' id='word_1_33' title='bbox 1804 349 1914 388; x_wconf 80' lang='lat' dir='ltr'><strong>cord&#39;a</strong></span> 
     </span>
     <span class='ocr_line' id='line_1_5' title="bbox 310 405 1915 452; baseline 0.001 -8"><span class='ocrx_word' id='word_1_34' title='bbox 310 416 431 445; x_wconf 79' lang='lat' dir='ltr'><strong>natam</strong></span> <span class='ocrx_word' id='word_1_35' title='bbox 445 436 454 449; x_wconf 86' lang='lat'>,</span> <span class='ocrx_word' id='word_1_36' title='bbox 491 408 525 444; x_wconf 90' lang='lat'>&amp;</span> <span class='ocrx_word' id='word_1_37' title='bbox 552 406 748 444; x_wconf 69' lang='lat' dir='ltr'><strong>Alexamiri</strong></span> <span class='ocrx_word' id='word_1_38' title='bbox 776 406 798 444; x_wconf 87' lang='lat' dir='ltr'>S</span> <span class='ocrx_word' id='word_1_39' title='bbox 812 419 835 443; x_wconf 83' lang='lat' dir='ltr'><strong>T</strong></span> <span class='ocrx_word' id='word_1_40' title='bbox 850 419 869 443; x_wconf 85' lang='grc' dir='ltr'>υ</span> <span class='ocrx_word' id='word_1_41' title='bbox 886 419 908 443; x_wconf 77' lang='lat' dir='ltr'>A</span> <span class='ocrx_word' id='word_1_42' title='bbox 923 419 946 444; x_wconf 82' lang='lat' dir='ltr'>R</span> <span class='ocrx_word' id='word_1_43' title='bbox 962 418 986 443; x_wconf 85' lang='lat' dir='ltr'>T</span> <span class='ocrx_word' id='word_1_44' title='bbox 1021 407 1032 446; x_wconf 96' lang='lat'><strong>(</strong></span> <span class='ocrx_word' id='word_1_45' title='bbox 1050 407 1107 452; x_wconf 84' lang='lat' dir='ltr'><strong>x)</strong></span> <span class='ocrx_word' id='word_1_46' title='bbox 1144 419 1207 444; x_wconf 87' lang='lat' dir='ltr'><strong>cor</strong></span> <span class='ocrx_word' id='word_1_47' title='bbox 1239 405 1419 443; x_wconf 80' lang='lat' dir='ltr'><strong>artificiale</strong></span> <span class='ocrx_word' id='word_1_48' title='bbox 1436 434 1447 452; x_wconf 87' lang='grc'>,</span> <span class='ocrx_word' id='word_1_49' title='bbox 1490 406 1534 444; x_wconf 82' lang='lat' dir='ltr'><strong>ad</strong></span> <span class='ocrx_word' id='word_1_50' title='bbox 1562 407 1780 444; x_wconf 84' lang='lat' dir='ltr'><strong>imitandum</strong></span> <span class='ocrx_word' id='word_1_51' title='bbox 1811 415 1915 446; x_wconf 83' lang='lat' dir='ltr'><strong>natu-</strong></span> 
     </span>
     <span class='ocr_line' id='line_1_6' title="bbox 309 465 1912 516; baseline 0 -12"><span class='ocrx_word' id='word_1_52' title='bbox 309 479 357 504; x_wconf 84' lang='lat' dir='ltr'><strong>rae</strong></span> <span class='ocrx_word' id='word_1_53' title='bbox 382 466 572 504; x_wconf 77' lang='lat' dir='ltr'><strong>artificium</strong></span> <span class='ocrx_word' id='word_1_54' title='bbox 596 479 641 503; x_wconf 86' lang='lat' dir='ltr'><strong>ex</strong></span> <span class='ocrx_word' id='word_1_55' title='bbox 659 465 849 516; x_wconf 85' lang='lat' dir='ltr'>hypothesi</span> <span class='ocrx_word' id='word_1_56' title='bbox 869 465 1099 503; x_wconf 64' lang='lat' dir='ltr'><strong>fabrefastum</strong></span> <span class='ocrx_word' id='word_1_57' title='bbox 1119 494 1128 508; x_wconf 86' lang='lat'><strong>,</strong></span> <span class='ocrx_word' id='word_1_58' title='bbox 1170 466 1300 504; x_wconf 85' lang='lat' dir='ltr'><strong>lubens</strong></span> <span class='ocrx_word' id='word_1_59' title='bbox 1327 468 1472 503; x_wconf 91' lang='lat' dir='ltr'><strong>omittO.</strong></span> <span class='ocrx_word' id='word_1_60' title='bbox 1508 465 1552 503; x_wconf 90' lang='lat' dir='ltr'><strong>In</strong></span> <span class='ocrx_word' id='word_1_61' title='bbox 1589 465 1725 512; x_wconf 79' lang='lat' dir='ltr'><strong>Syllabo</strong></span> <span class='ocrx_word' id='word_1_62' title='bbox 1753 469 1912 515; x_wconf 77' lang='lat' dir='ltr'><strong>partium</strong></span> 
     </span>
     <span class='ocr_line' id='line_1_7' title="bbox 309 522 1914 575; baseline -0.001 -11"><span class='ocrx_word' id='word_1_63' title='bbox 309 527 465 574; x_wconf 83' lang='lat' dir='ltr'><strong>corporis</strong></span> <span class='ocrx_word' id='word_1_64' title='bbox 493 525 640 563; x_wconf 78' lang='lat' dir='ltr'><strong>humani</strong></span> <span class='ocrx_word' id='word_1_65' title='bbox 655 555 664 569; x_wconf 90' lang='lat'>‚</span> <span class='ocrx_word' id='word_1_66' title='bbox 703 527 767 574; x_wconf 89' lang='lat' dir='ltr'><strong>qui</strong></span> <span class='ocrx_word' id='word_1_67' title='bbox 792 525 977 574; x_wconf 87' lang='lat' dir='ltr'><strong>Petropoli</strong></span> <span class='ocrx_word' id='word_1_68' title='bbox 1002 527 1142 563; x_wconf 87' lang='lat' dir='ltr'><strong>incerto</strong></span> <span class='ocrx_word' id='word_1_69' title='bbox 1169 525 1313 563; x_wconf 70' lang='lat' dir='ltr'><strong>austore</strong></span> <span class='ocrx_word' id='word_1_70' title='bbox 1334 522 1471 575; x_wconf 88' lang='lat' dir='ltr'><strong>prodiit</strong></span> <span class='ocrx_word' id='word_1_71' title='bbox 1487 553 1496 567; x_wconf 91' lang='lat'>‚</span> <span class='ocrx_word' id='word_1_72' title='bbox 1533 525 1612 563; x_wconf 83' lang='lat' dir='ltr'><strong>duae</strong></span> <span class='ocrx_word' id='word_1_73' title='bbox 1640 526 1761 563; x_wconf 85' lang='lat' dir='ltr'><strong>cordis</strong></span> <span class='ocrx_word' id='word_1_74' title='bbox 1789 525 1914 575; x_wconf 74' lang='lat' dir='ltr'><strong>figurae</strong></span> 
     </span>
     <span class='ocr_line' id='line_1_8' title="bbox 310 584 1912 635; baseline -0.001 -12"><span class='ocrx_word' id='word_1_75' title='bbox 310 586 472 628; x_wconf 82' lang='lat' dir='ltr'><strong>exstant,</strong></span> <span class='ocrx_word' id='word_1_76' title='bbox 510 597 661 633; x_wconf 82' lang='lat' dir='ltr'><strong>quarum</strong></span> <span class='ocrx_word' id='word_1_77' title='bbox 685 587 784 634; x_wconf 88' lang='lat' dir='ltr'><strong>prior</strong></span> <span class='ocrx_word' id='word_1_78' title='bbox 813 585 870 633; x_wconf 88' lang='lat' dir='ltr'><strong>(y</strong></span> <span class='ocrx_word' id='word_1_79' title='bbox 891 585 910 633; x_wconf 89' lang='lat'><em>)</em></span> <span class='ocrx_word' id='word_1_80' title='bbox 931 584 1033 622; x_wconf 83' lang='lat' dir='ltr'>fibras</span> <span class='ocrx_word' id='word_1_81' title='bbox 1054 585 1156 622; x_wconf 86' lang='lat' dir='ltr'><strong>faciei</strong></span> <span class='ocrx_word' id='word_1_82' title='bbox 1185 597 1359 622; x_wconf 82' lang='lat' dir='ltr'><strong>convexae</strong></span> <span class='ocrx_word' id='word_1_83' title='bbox 1381 584 1609 623; x_wconf 86' lang='lat' dir='ltr'><strong>dextrorsum</strong></span> <span class='ocrx_word' id='word_1_84' title='bbox 1632 585 1750 623; x_wconf 87' lang='lat' dir='ltr'><strong>versus</strong></span> <span class='ocrx_word' id='word_1_85' title='bbox 1772 588 1912 635; x_wconf 81' lang='lat' dir='ltr'><strong>apicem</strong></span> 
     </span>
     <span class='ocr_line' id='line_1_9' title="bbox 309 644 1913 694; baseline 0 -11"><span class='ocrx_word' id='word_1_86' title='bbox 309 645 567 683; x_wconf 80' lang='lat' dir='ltr'><strong>descendentes</strong></span> <span class='ocrx_word' id='word_1_87' title='bbox 587 674 596 688; x_wconf 91' lang='lat'>‚</span> <span class='ocrx_word' id='word_1_88' title='bbox 640 646 675 682; x_wconf 71' lang='grc' dir='ltr'><strong>δι</strong></span> <span class='ocrx_word' id='word_1_89' title='bbox 708 645 790 682; x_wconf 78' lang='lat' dir='ltr'><strong>alias</strong></span> <span class='ocrx_word' id='word_1_90' title='bbox 820 644 875 682; x_wconf 84' lang='lat' dir='ltr'><strong>his</strong></span> <span class='ocrx_word' id='word_1_91' title='bbox 919 644 1088 691; x_wconf 65' lang='lat' dir='ltr'><strong>subjectas</strong></span> <span class='ocrx_word' id='word_1_92' title='bbox 1124 656 1218 693; x_wconf 90' lang='lat' dir='ltr'><strong>pene</strong></span> <span class='ocrx_word' id='word_1_93' title='bbox 1258 644 1465 682; x_wconf 84' lang='lat' dir='ltr'><strong>transversas</strong></span> <span class='ocrx_word' id='word_1_94' title='bbox 1509 644 1758 694; x_wconf 74' lang='lat' dir='ltr'><strong>repraesentat:</strong></span> <span class='ocrx_word' id='word_1_95' title='bbox 1806 645 1913 683; x_wconf 77' lang='lat' dir='ltr'><strong>altera</strong></span> 
     </span>
     <span class='ocr_line' id='line_1_10' title="bbox 307 703 1842 755; baseline -0.002 -12"><span class='ocrx_word' id='word_1_96' title='bbox 307 705 406 755; x_wconf 77' lang='lat' dir='ltr'><strong>(z)</strong></span> <span class='ocrx_word' id='word_1_97' title='bbox 436 704 541 743; x_wconf 81' lang='lat' dir='ltr'><strong>fibras</strong></span> <span class='ocrx_word' id='word_1_98' title='bbox 564 705 666 743; x_wconf 83' lang='lat' dir='ltr'><strong>faciei</strong></span> <span class='ocrx_word' id='word_1_99' title='bbox 691 705 804 754; x_wconf 81' lang='lat' dir='ltr'><strong>planae</strong></span> <span class='ocrx_word' id='word_1_100' title='bbox 830 703 1031 742; x_wconf 81' lang='lat' dir='ltr'><strong>transversis</strong></span> <span class='ocrx_word' id='word_1_101' title='bbox 1059 706 1244 753; x_wconf 84' lang='lat' dir='ltr'><strong>proximas</strong></span> <span class='ocrx_word' id='word_1_102' title='bbox 1275 705 1454 754; x_wconf 84' lang='lat' dir='ltr'><strong>exprimit.</strong></span> <span class='ocrx_word' id='word_1_103' title='bbox 1839 715 1842 719; x_wconf 62' lang='lat'><strong><em>¹</em></strong></span> 
     </span>
    </p>
   </div>
   <div class='ocr_carea' id='block_1_3' title="bbox 442 811 1773 863">
    <p class='ocr_par' dir='ltr' id='par_1_4' title="bbox 442 811 1773 863">
     <span class='ocr_line' id='line_1_11' title="bbox 442 811 1773 863; baseline 0 -12"><span class='ocrx_word' id='word_1_104' title='bbox 442 818 475 860; x_wconf 64' lang='grc' dir='ltr'><strong>ς.</strong></span> <span class='ocrx_word' id='word_1_105' title='bbox 511 812 705 853; x_wconf 89' lang='lat' dir='ltr'>XXIII.</span> <span class='ocrx_word' id='word_1_106' title='bbox 773 811 829 851; x_wconf 88' lang='lat' dir='ltr'><strong>Ex</strong></span> <span class='ocrx_word' id='word_1_107' title='bbox 856 812 887 863; x_wconf 91' lang='lat' dir='ltr'><strong>J.</strong></span> <span class='ocrx_word' id='word_1_108' title='bbox 911 811 947 851; x_wconf 91' lang='grc' dir='ltr'><strong>Β.</strong></span> <span class='ocrx_word' id='word_1_109' title='bbox 977 813 1272 858; x_wconf 54' lang='grc' dir='ltr'><strong>ἫῙιΝειοψ,</strong></span> <span class='ocrx_word' id='word_1_110' title='bbox 1305 825 1362 852; x_wconf 79' lang='grc' dir='ltr'><strong>ετ</strong></span> <span class='ocrx_word' id='word_1_111' title='bbox 1391 813 1773 853; x_wconf 69' lang='grc' dir='ltr'><strong>ΕΑςεεΒοΗΜιο.</strong></span> 
     </span>
    </p>
   </div>
   <div class='ocr_carea' id='block_1_4' title="bbox 301 921 1933 1986">
    <p class='ocr_par' dir='ltr' id='par_1_5' title="bbox 301 921 1923 1808">
     <span class='ocr_line' id='line_1_12' title="bbox 366 921 1923 976; baseline 0 -15"><span class='ocrx_word' id='word_1_112' title='bbox 366 921 525 971; x_wconf 71' lang='lat' dir='ltr'><strong>jacobus</strong></span> <span class='ocrx_word' id='word_1_113' title='bbox 544 923 722 976; x_wconf 79' lang='lat' dir='ltr'><strong>Benignus</strong></span> <span class='ocrx_word' id='word_1_114' title='bbox 751 921 1082 962; x_wconf 68' lang='lat' dir='ltr'><strong>Wmsrowus</strong></span> <span class='ocrx_word' id='word_1_115' title='bbox 1108 923 1191 961; x_wconf 78' lang='lat' dir='ltr'><strong>alias</strong></span> <span class='ocrx_word' id='word_1_116' title='bbox 1212 922 1315 962; x_wconf 83' lang='lat' dir='ltr'>fibras</span> <span class='ocrx_word' id='word_1_117' title='bbox 1353 924 1473 962; x_wconf 85' lang='lat' dir='ltr'><strong>cordis</strong></span> <span class='ocrx_word' id='word_1_118' title='bbox 1501 923 1689 973; x_wconf 83' lang='lat' dir='ltr'>angulares</span> <span class='ocrx_word' id='word_1_119' title='bbox 1718 924 1828 966; x_wconf 74' lang='lat' dir='ltr'><strong>facit,</strong></span> <span class='ocrx_word' id='word_1_120' title='bbox 1874 926 1923 965; x_wconf 46' lang='lat' dir='ltr'><strong>in*</strong></span> 
     </span>
     <span class='ocr_line' id='line_1_13' title="bbox 304 982 1913 1032; baseline -0.001 -10"><span class='ocrx_word' id='word_1_121' title='bbox 304 991 430 1022; x_wconf 71' lang='lat' dir='ltr'><strong>mcum</strong></span> <span class='ocrx_word' id='word_1_122' title='bbox 459 985 539 1032; x_wconf 79' lang='lat' dir='ltr'><strong>(a)</strong></span> <span class='ocrx_word' id='word_1_123' title='bbox 565 983 672 1021; x_wconf 81' lang='lat' dir='ltr'><strong>flexas</strong></span> <span class='ocrx_word' id='word_1_124' title='bbox 694 983 800 1026; x_wconf 82' lang='lat' dir='ltr'><strong>alias,</strong></span> <span class='ocrx_word' id='word_1_125' title='bbox 841 995 995 1032; x_wconf 85' lang='lat' dir='ltr'><strong>quarum</strong></span> <span class='ocrx_word' id='word_1_126' title='bbox 1028 982 1240 1032; x_wconf 83' lang='lat' dir='ltr'><strong>longiffimae</strong></span> <span class='ocrx_word' id='word_1_127' title='bbox 1267 984 1303 1020; x_wconf 71' lang='grc' dir='ltr'><strong>δε</strong></span> <span class='ocrx_word' id='word_1_128' title='bbox 1333 986 1468 1021; x_wconf 81' lang='lat' dir='ltr'><strong>extima</strong></span> <span class='ocrx_word' id='word_1_129' title='bbox 1501 984 1603 1021; x_wconf 81' lang='lat' dir='ltr'><strong>strata</strong></span> <span class='ocrx_word' id='word_1_130' title='bbox 1625 984 1746 1022; x_wconf 86' lang='lat' dir='ltr'><strong>cordis</strong></span> <span class='ocrx_word' id='word_1_131' title='bbox 1779 983 1913 1030; x_wconf 84' lang='lat' dir='ltr'><strong>consti-</strong></span> 
     </span>
     <span class='ocr_line' id='line_1_14' title="bbox 306 1042 1913 1092; baseline 0 -11"><span class='ocrx_word' id='word_1_132' title='bbox 306 1050 438 1085; x_wconf 82' lang='lat' dir='ltr'><strong>tuunt,</strong></span> <span class='ocrx_word' id='word_1_133' title='bbox 474 1044 509 1080; x_wconf 90' lang='lat'>&amp;</span> <span class='ocrx_word' id='word_1_134' title='bbox 536 1045 574 1079; x_wconf 87' lang='lat' dir='ltr'><strong>in</strong></span> <span class='ocrx_word' id='word_1_135' title='bbox 595 1043 816 1081; x_wconf 79' lang='lat' dir='ltr'><strong>ventriculos</strong></span> <span class='ocrx_word' id='word_1_136' title='bbox 843 1042 1063 1085; x_wconf 83' lang='lat' dir='ltr'><strong>subeuntes,</strong></span> <span class='ocrx_word' id='word_1_137' title='bbox 1104 1044 1232 1080; x_wconf 87' lang='lat' dir='ltr'><strong>intima</strong></span> <span class='ocrx_word' id='word_1_138' title='bbox 1265 1044 1395 1092; x_wconf 87' lang='lat' dir='ltr'><strong>pariter</strong></span> <span class='ocrx_word' id='word_1_139' title='bbox 1431 1043 1591 1091; x_wconf 88' lang='lat' dir='ltr'><strong>ejusdem</strong></span> <span class='ocrx_word' id='word_1_140' title='bbox 1624 1043 1777 1082; x_wconf 87' lang='lat' dir='ltr'><strong>musculi</strong></span> <span class='ocrx_word' id='word_1_141' title='bbox 1809 1043 1913 1081; x_wconf 88' lang='lat' dir='ltr'><strong>strata</strong></span> 
     </span>
     <span class='ocr_line' id='line_1_15' title="bbox 305 1100 1911 1152; baseline 0 -12"><span class='ocrx_word' id='word_1_142' title='bbox 305 1102 389 1151; x_wconf 76' lang='lat' dir='ltr'><strong>(h)</strong></span> <span class='ocrx_word' id='word_1_143' title='bbox 421 1101 606 1140; x_wconf 73' lang='lat' dir='ltr'><strong>efficiunt:</strong></span> <span class='ocrx_word' id='word_1_144' title='bbox 655 1103 784 1140; x_wconf 76' lang='lat' dir='ltr'><strong>mediae</strong></span> <span class='ocrx_word' id='word_1_145' title='bbox 820 1114 932 1144; x_wconf 89' lang='lat' dir='ltr'><strong>vero,</strong></span> <span class='ocrx_word' id='word_1_146' title='bbox 973 1100 1100 1139; x_wconf 80' lang='lat' dir='ltr'><strong>sensim</strong></span> <span class='ocrx_word' id='word_1_147' title='bbox 1134 1103 1342 1146; x_wconf 88' lang='lat' dir='ltr'><strong>breviores,</strong></span> <span class='ocrx_word' id='word_1_148' title='bbox 1385 1102 1575 1152; x_wconf 84' lang='lat' dir='ltr'><strong>minusque</strong></span> <span class='ocrx_word' id='word_1_149' title='bbox 1607 1115 1752 1146; x_wconf 84' lang='lat' dir='ltr'><strong>curvae,</strong></span> <span class='ocrx_word' id='word_1_150' title='bbox 1791 1101 1911 1151; x_wconf 76' lang='lat' dir='ltr'><strong>versus</strong></span> 
     </span>
     <span class='ocr_line' id='line_1_16' title="bbox 304 1161 1912 1211; baseline 0 -12"><span class='ocrx_word' id='word_1_151' title='bbox 304 1161 404 1200; x_wconf 78' lang='lat' dir='ltr'><strong>basin</strong></span> <span class='ocrx_word' id='word_1_152' title='bbox 421 1162 581 1205; x_wconf 82' lang='lat' dir='ltr'><strong>faciunt,</strong></span> <span class='ocrx_word' id='word_1_153' title='bbox 616 1170 656 1200; x_wconf 89' lang='lat' dir='ltr'><strong>ut</strong></span> <span class='ocrx_word' id='word_1_154' title='bbox 674 1163 724 1203; x_wconf 75' lang='lat' dir='ltr'><strong>Ibi</strong></span> <span class='ocrx_word' id='word_1_155' title='bbox 752 1174 815 1200; x_wconf 89' lang='lat' dir='ltr'><strong>cor</strong></span> <span class='ocrx_word' id='word_1_156' title='bbox 836 1161 976 1199; x_wconf 78' lang='lat' dir='ltr'><strong>craffius</strong></span> <span class='ocrx_word' id='word_1_157' title='bbox 993 1161 1034 1199; x_wconf 89' lang='lat' dir='ltr'><strong>fit</strong></span> <span class='ocrx_word' id='word_1_158' title='bbox 1060 1164 1077 1208; x_wconf 85' lang='lat'>(</span> <span class='ocrx_word' id='word_1_159' title='bbox 1092 1161 1149 1208; x_wconf 86' lang='lat' dir='ltr'><strong>c).</strong></span> <span class='ocrx_word' id='word_1_160' title='bbox 1186 1161 1229 1200; x_wconf 94' lang='lat' dir='ltr'><strong>In</strong></span> <span class='ocrx_word' id='word_1_161' title='bbox 1249 1163 1325 1210; x_wconf 81' lang='lat' dir='ltr'><strong>ejus</strong></span> <span class='ocrx_word' id='word_1_162' title='bbox 1362 1174 1476 1211; x_wconf 90' lang='lat' dir='ltr'><strong>porro</strong></span> <span class='ocrx_word' id='word_1_163' title='bbox 1504 1162 1556 1200; x_wconf 88' lang='lat' dir='ltr'>Ill.</span> <span class='ocrx_word' id='word_1_164' title='bbox 1588 1161 1668 1200; x_wconf 87' lang='lat' dir='ltr'><strong>Viri</strong></span> <span class='ocrx_word' id='word_1_165' title='bbox 1702 1162 1912 1211; x_wconf 87' lang='lat' dir='ltr'><strong>descriptio-</strong></span> 
     </span>
     <span class='ocr_line' id='line_1_17' title="bbox 306 1221 1910 1270; baseline 0 -11"><span class='ocrx_word' id='word_1_166' title='bbox 306 1234 354 1259; x_wconf 86' lang='lat' dir='ltr'><strong>ne</strong></span> <span class='ocrx_word' id='word_1_167' title='bbox 379 1222 575 1260; x_wconf 85' lang='lat' dir='ltr'><strong>concursus</strong></span> <span class='ocrx_word' id='word_1_168' title='bbox 596 1222 755 1260; x_wconf 89' lang='lat' dir='ltr'><strong>duorum</strong></span> <span class='ocrx_word' id='word_1_169' title='bbox 788 1222 1077 1261; x_wconf 83' lang='lat' dir='ltr'><strong>ventriculorum</strong></span> <span class='ocrx_word' id='word_1_170' title='bbox 1099 1221 1240 1270; x_wconf 84' lang='lat' dir='ltr'><strong>septum</strong></span> <span class='ocrx_word' id='word_1_171' title='bbox 1267 1221 1388 1259; x_wconf 88' lang='lat' dir='ltr'><strong>cordis</strong></span> <span class='ocrx_word' id='word_1_172' title='bbox 1420 1229 1568 1270; x_wconf 81' lang='lat' dir='ltr'><strong>generat</strong></span> <span class='ocrx_word' id='word_1_173' title='bbox 1598 1221 1706 1270; x_wconf 76' lang='lat' dir='ltr'><em>(d).</em></span> <span class='ocrx_word' id='word_1_174' title='bbox 1751 1221 1803 1259; x_wconf 86' lang='lat' dir='ltr'><strong>Ita</strong></span> <span class='ocrx_word' id='word_1_175' title='bbox 1833 1221 1910 1259; x_wconf 90' lang='lat' dir='ltr'><strong>duo</strong></span> 
     </span>
     <span class='ocr_line' id='line_1_18' title="bbox 304 1280 1912 1330; baseline -0.001 -11"><span class='ocrx_word' id='word_1_176' title='bbox 304 1281 459 1320; x_wconf 85' lang='lat' dir='ltr'><strong>musculi</strong></span> <span class='ocrx_word' id='word_1_177' title='bbox 473 1281 688 1324; x_wconf 85' lang='lat' dir='ltr'><strong>nascuntur,</strong></span> <span class='ocrx_word' id='word_1_178' title='bbox 716 1283 769 1319; x_wconf 86' lang='lat' dir='ltr'><strong>uti</strong></span> <span class='ocrx_word' id='word_1_179' title='bbox 793 1281 867 1319; x_wconf 92' lang='lat' dir='ltr'><strong>duo</strong></span> <span class='ocrx_word' id='word_1_180' title='bbox 897 1280 1088 1318; x_wconf 88' lang='lat' dir='ltr'><strong>ventriculi</strong></span> <span class='ocrx_word' id='word_1_181' title='bbox 1115 1280 1221 1323; x_wconf 88' lang='lat' dir='ltr'><strong>sunt,</strong></span> <span class='ocrx_word' id='word_1_182' title='bbox 1264 1292 1357 1330; x_wconf 86' lang='lat' dir='ltr'><strong>quos</strong></span> <span class='ocrx_word' id='word_1_183' title='bbox 1387 1282 1510 1318; x_wconf 87' lang='lat' dir='ltr'><strong>tertius</strong></span> <span class='ocrx_word' id='word_1_184' title='bbox 1535 1280 1716 1319; x_wconf 81' lang='lat' dir='ltr'><strong>musculus</strong></span> <span class='ocrx_word' id='word_1_185' title='bbox 1742 1293 1912 1329; x_wconf 85' lang='lat' dir='ltr'><strong>compre-</strong></span> 
     </span>
     <span class='ocr_line' id='line_1_19' title="bbox 304 1335 1910 1389; baseline -0.001 -11"><span class='ocrx_word' id='word_1_186' title='bbox 304 1338 432 1378; x_wconf 80' lang='lat' dir='ltr'><strong>hendit</strong></span> <span class='ocrx_word' id='word_1_187' title='bbox 453 1335 498 1386; x_wconf 88' lang='lat' dir='ltr'><strong>[e</strong></span> <span class='ocrx_word' id='word_1_188' title='bbox 513 1342 538 1389; x_wconf 93' lang='lat'><strong>].</strong></span> <span class='ocrx_word' id='word_1_189' title='bbox 577 1340 699 1379; x_wconf 89' lang='lat' dir='ltr'><strong>Plures</strong></span> <span class='ocrx_word' id='word_1_190' title='bbox 725 1341 821 1378; x_wconf 84' lang='lat' dir='ltr'><strong>fibrae</strong></span> <span class='ocrx_word' id='word_1_191' title='bbox 838 1340 959 1379; x_wconf 79' lang='lat' dir='ltr'><strong>cordis</strong></span> <span class='ocrx_word' id='word_1_192' title='bbox 987 1339 1212 1378; x_wconf 82' lang='lat' dir='ltr'><strong>transversim</strong></span> <span class='ocrx_word' id='word_1_193' title='bbox 1235 1340 1268 1377; x_wconf 87' lang='lat' dir='ltr'><strong>se</strong></span> <span class='ocrx_word' id='word_1_194' title='bbox 1294 1339 1438 1383; x_wconf 84' lang='lat' dir='ltr'><strong>secant,</strong></span> <span class='ocrx_word' id='word_1_195' title='bbox 1475 1352 1585 1389; x_wconf 86' lang='lat' dir='ltr'><strong>quarn</strong></span> <span class='ocrx_word' id='word_1_196' title='bbox 1605 1340 1755 1389; x_wconf 85' lang='lat' dir='ltr'><strong>quidem</strong></span> <span class='ocrx_word' id='word_1_197' title='bbox 1785 1339 1910 1377; x_wconf 84' lang='lat' dir='ltr'><strong>secun·</strong></span> 
     </span>
     <span class='ocr_line' id='line_1_20' title="bbox 303 1398 1907 1449; baseline -0.001 -11"><span class='ocrx_word' id='word_1_198' title='bbox 303 1401 395 1439; x_wconf 83' lang='lat' dir='ltr'><strong>dum</strong></span> <span class='ocrx_word' id='word_1_199' title='bbox 422 1400 694 1449; x_wconf 85' lang='lat' dir='ltr'><strong>longit-udinem</strong></span> <span class='ocrx_word' id='word_1_200' title='bbox 719 1399 772 1449; x_wconf 84' lang='lat' dir='ltr'><strong>[f</strong></span> <span class='ocrx_word' id='word_1_201' title='bbox 783 1404 811 1446; x_wconf 92' lang='lat'><strong>].</strong></span> <span class='ocrx_word' id='word_1_202' title='bbox 851 1400 946 1446; x_wconf 82' lang='lat' dir='ltr'><strong>Quae</strong></span> <span class='ocrx_word' id='word_1_203' title='bbox 967 1401 1004 1437; x_wconf 92' lang='lat' dir='ltr'><strong>in</strong></span> <span class='ocrx_word' id='word_1_204' title='bbox 1034 1399 1225 1437; x_wconf 88' lang='lat' dir='ltr'><strong>ventriculi</strong></span> <span class='ocrx_word' id='word_1_205' title='bbox 1255 1411 1401 1437; x_wconf 85' lang='lat' dir='ltr'><strong>caveam</strong></span> <span class='ocrx_word' id='word_1_206' title='bbox 1417 1402 1590 1442; x_wconf 86' lang='lat' dir='ltr'><strong>veniunt,</strong></span> <span class='ocrx_word' id='word_1_207' title='bbox 1631 1411 1754 1437; x_wconf 84' lang='lat' dir='ltr'><strong>earum</strong></span> <span class='ocrx_word' id='word_1_208' title='bbox 1785 1398 1907 1437; x_wconf 83' lang='lat' dir='ltr'><strong>multae</strong></span> 
     </span>
     <span class='ocr_line' id='line_1_21' title="bbox 304 1453 1905 1509; baseline -0.001 -11"><span class='ocrx_word' id='word_1_209' title='bbox 304 1462 466 1509; x_wconf 88' lang='lat' dir='ltr'><strong>gignunt</strong></span> <span class='ocrx_word' id='word_1_210' title='bbox 482 1462 645 1498; x_wconf 88' lang='lat' dir='ltr'><strong>internos</strong></span> <span class='ocrx_word' id='word_1_211' title='bbox 675 1460 927 1498; x_wconf 80' lang='lat' dir='ltr'><strong>illoslacertos</strong></span> <span class='ocrx_word' id='word_1_212' title='bbox 945 1488 954 1502; x_wconf 93' lang='lat'>‚</span> <span class='ocrx_word' id='word_1_213' title='bbox 995 1460 1058 1509; x_wconf 87' lang='lat' dir='ltr'><strong>qui</strong></span> <span class='ocrx_word' id='word_1_214' title='bbox 1088 1459 1245 1497; x_wconf 85' lang='lat' dir='ltr'><strong>valvulas</strong></span> <span class='ocrx_word' id='word_1_215' title='bbox 1269 1458 1416 1496; x_wconf 81' lang='lat' dir='ltr'><strong>venosas</strong></span> <span class='ocrx_word' id='word_1_216' title='bbox 1440 1461 1598 1496; x_wconf 86' lang='lat' dir='ltr'><strong>retinent</strong></span> <span class='ocrx_word' id='word_1_217' title='bbox 1625 1453 1679 1507; x_wconf 79' lang='lat' dir='ltr'><strong>[g</strong></span> <span class='ocrx_word' id='word_1_218' title='bbox 1694 1461 1722 1508; x_wconf 89' lang='lat'><strong>].</strong></span> <span class='ocrx_word' id='word_1_219' title='bbox 1767 1458 1821 1497; x_wconf 88' lang='lat' dir='ltr'><strong>ID</strong></span> <span class='ocrx_word' id='word_1_220' title='bbox 1841 1470 1860 1496; x_wconf 73' lang='lat' dir='ltr'>z</span> <span class='ocrx_word' id='word_1_221' title='bbox 1875 1470 1905 1496; x_wconf 82' lang='grc' dir='ltr'><strong>Μ</strong></span> 
     </span>
     <span class='ocr_line' id='line_1_22' title="bbox 303 1516 1905 1569; baseline -0.001 -13"><span class='ocrx_word' id='word_1_222' title='bbox 303 1522 357 1557; x_wconf 79' lang='lat' dir='ltr'><strong>vir</strong></span> <span class='ocrx_word' id='word_1_223' title='bbox 378 1519 429 1557; x_wconf 85' lang='lat'><em>111.</em></span> <span class='ocrx_word' id='word_1_224' title='bbox 464 1521 609 1563; x_wconf 84' lang='lat' dir='ltr'><strong>icones,</strong></span> <span class='ocrx_word' id='word_1_225' title='bbox 645 1519 777 1569; x_wconf 88' lang='lat' dir='ltr'><strong>absque</strong></span> <span class='ocrx_word' id='word_1_226' title='bbox 802 1519 951 1557; x_wconf 87' lang='lat' dir='ltr'><strong>literulis</strong></span> <span class='ocrx_word' id='word_1_227' title='bbox 973 1518 1086 1556; x_wconf 89' lang='lat' dir='ltr'><strong>edidit</strong></span> <span class='ocrx_word' id='word_1_228' title='bbox 1116 1517 1177 1568; x_wconf 86' lang='lat' dir='ltr'><strong>[h</strong></span> <span class='ocrx_word' id='word_1_229' title='bbox 1193 1516 1236 1569; x_wconf 90' lang='lat'><strong>]‚</strong></span> <span class='ocrx_word' id='word_1_230' title='bbox 1286 1520 1323 1556; x_wconf 84' lang='lat' dir='ltr'><strong>in</strong></span> <span class='ocrx_word' id='word_1_231' title='bbox 1359 1519 1491 1568; x_wconf 89' lang='lat' dir='ltr'><strong>quibus</strong></span> <span class='ocrx_word' id='word_1_232' title='bbox 1527 1518 1624 1556; x_wconf 83' lang='lat' dir='ltr'><strong>fibrae</strong></span> <span class='ocrx_word' id='word_1_233' title='bbox 1646 1519 1842 1557; x_wconf 81' lang='lat' dir='ltr'><strong>exteriores</strong></span> <span class='ocrx_word' id='word_1_234' title='bbox 1868 1520 1905 1555; x_wconf 89' lang='lat' dir='ltr'><strong>in</strong></span> 
     </span>
     <span class='ocr_line' id='line_1_23' title="bbox 301 1573 1907 1628; baseline -0.001 -12"><span class='ocrx_word' id='word_1_235' title='bbox 301 1580 392 1617; x_wconf 77' lang='lat' dir='ltr'><strong>facie</strong></span> <span class='ocrx_word' id='word_1_236' title='bbox 418 1591 582 1618; x_wconf 83' lang='lat' dir='ltr'><strong>convexa</strong></span> <span class='ocrx_word' id='word_1_237' title='bbox 601 1590 648 1617; x_wconf 82' lang='lat' dir='ltr'><strong>ita</strong></span> <span class='ocrx_word' id='word_1_238' title='bbox 667 1580 835 1617; x_wconf 89' lang='lat' dir='ltr'><strong>videntur</strong></span> <span class='ocrx_word' id='word_1_239' title='bbox 864 1581 1055 1617; x_wconf 76' lang='lat' dir='ltr'><strong>&#39;interiores</strong></span> <span class='ocrx_word' id='word_1_240' title='bbox 1088 1577 1191 1616; x_wconf 88' lang='lat' dir='ltr'>fibras</span> <span class='ocrx_word' id='word_1_241' title='bbox 1213 1573 1392 1616; x_wconf 81' lang='lat' dir='ltr'><strong>decuffare</strong></span> <span class='ocrx_word' id='word_1_242' title='bbox 1408 1607 1417 1621; x_wconf 84' lang='lat'><strong>,</strong></span> <span class='ocrx_word' id='word_1_243' title='bbox 1454 1586 1495 1617; x_wconf 91' lang='lat' dir='ltr'><strong>ut</strong></span> <span class='ocrx_word' id='word_1_244' title='bbox 1525 1579 1578 1616; x_wconf 78' lang='lat' dir='ltr'><strong>hae</strong></span> <span class='ocrx_word' id='word_1_245' title='bbox 1599 1580 1712 1628; x_wconf 78' lang='lat' dir='ltr'><strong>magis</strong></span> <span class='ocrx_word' id='word_1_246' title='bbox 1735 1578 1907 1623; x_wconf 79' lang='lat' dir='ltr'><strong>transver-</strong></span> 
     </span>
     <span class='ocr_line' id='line_1_24' title="bbox 302 1636 1907 1688; baseline 0.001 -13"><span class='ocrx_word' id='word_1_247' title='bbox 302 1639 346 1676; x_wconf 76' lang='lat' dir='ltr'><strong>fae</strong></span> <span class='ocrx_word' id='word_1_248' title='bbox 376 1638 467 1682; x_wconf 82' lang='lat' dir='ltr'><strong>sint,</strong></span> <span class='ocrx_word' id='word_1_249' title='bbox 514 1639 582 1677; x_wconf 82' lang='lat' dir='ltr'><strong>illae</strong></span> <span class='ocrx_word' id='word_1_250' title='bbox 610 1639 885 1688; x_wconf 86' lang='lat' dir='ltr'><strong>longitudinem</strong></span> <span class='ocrx_word' id='word_1_251' title='bbox 915 1639 1036 1677; x_wconf 82' lang='lat' dir='ltr'><strong>cordis</strong></span> <span class='ocrx_word' id='word_1_252' title='bbox 1062 1640 1177 1687; x_wconf 83' lang='lat' dir='ltr'><strong>magis</strong></span> <span class='ocrx_word' id='word_1_253' title='bbox 1207 1638 1408 1688; x_wconf 81' lang='lat' dir='ltr'><strong>sequantur.</strong></span> <span class='ocrx_word' id='word_1_254' title='bbox 1455 1636 1627 1688; x_wconf 85' lang='lat' dir='ltr'><strong>Denique</strong></span> <span class='ocrx_word' id='word_1_255' title='bbox 1660 1637 1907 1684; x_wconf 83' lang='lat' dir='ltr'><strong>ventriculum</strong></span> 
     </span>
     <span class='ocr_line' id='line_1_25' title="bbox 303 1670 1905 1749; baseline 0 -14"><span class='ocrx_word' id='word_1_256' title='bbox 303 1698 475 1736; x_wconf 83' lang='lat' dir='ltr'><strong>dextrum</strong></span> <span class='ocrx_word' id='word_1_257' title='bbox 500 1712 519 1736; x_wconf 84' lang='lat' dir='ltr'>a</span> <span class='ocrx_word' id='word_1_258' title='bbox 544 1670 700 1737; x_wconf 57' lang='lat' dir='ltr'>fiuistroo</span> <span class='ocrx_word' id='word_1_259' title='bbox 713 1698 898 1737; x_wconf 76' lang='lat' dir='ltr'><strong>artIficiose</strong></span> <span class='ocrx_word' id='word_1_260' title='bbox 926 1699 1122 1749; x_wconf 79' lang='lat' dir='ltr'><strong>separavit,</strong></span> <span class='ocrx_word' id='word_1_261' title='bbox 1166 1704 1207 1736; x_wconf 82' lang='lat' dir='ltr'><strong>ut</strong></span> <span class='ocrx_word' id='word_1_262' title='bbox 1236 1697 1328 1736; x_wconf 84' lang='lat' dir='ltr'><strong>olim</strong></span> <span class='ocrx_word' id='word_1_263' title='bbox 1371 1697 1540 1737; x_wconf 76' lang='lat' dir='ltr'><strong>Nicolaus</strong></span> <span class='ocrx_word' id='word_1_264' title='bbox 1569 1697 1660 1736; x_wconf 65' lang='lat' dir='ltr'><strong>Su</strong></span> <span class='ocrx_word' id='word_1_265' title='bbox 1677 1709 1775 1736; x_wconf 85' lang='lat' dir='ltr'><strong>NON</strong></span> <span class='ocrx_word' id='word_1_266' title='bbox 1793 1709 1803 1734; x_wconf 90' lang='lat'>1</span> <span class='ocrx_word' id='word_1_267' title='bbox 1820 1710 1834 1734; x_wconf 85' lang='lat' dir='ltr'><strong>s</strong></span> <span class='ocrx_word' id='word_1_268' title='bbox 1864 1696 1905 1735; x_wconf 91' lang='lat' dir='ltr'><strong>F.-</strong></span> 
     </span>
     <span class='ocr_line' id='line_1_26' title="bbox 303 1753 1172 1808; baseline 0 -14"><span class='ocrx_word' id='word_1_269' title='bbox 303 1759 416 1803; x_wconf 78' lang='lat' dir='ltr'><strong>[i],</strong></span> <span class='ocrx_word' id='word_1_270' title='bbox 454 1759 490 1795; x_wconf 61' lang='grc' dir='ltr'><strong>ὃς</strong></span> <span class='ocrx_word' id='word_1_271' title='bbox 524 1757 904 1796; x_wconf 61' lang='grc' dir='ltr'>ΒΑΚΤΗοιιΝυε</span> <span class='ocrx_word' id='word_1_272' title='bbox 930 1771 1046 1808; x_wconf 87' lang='lat' dir='ltr'><strong>nepos</strong></span> <span class='ocrx_word' id='word_1_273' title='bbox 1073 1753 1172 1805; x_wconf 80' lang='lat' dir='ltr'><em>[lc].</em></span> 
     </span>
    </p>

    <p class='ocr_par' dir='ltr' id='par_1_6' title="bbox 302 1814 1933 1986">
     <span class='ocr_line' id='line_1_27' title="bbox 365 1814 1906 1866; baseline -0.001 -13"><span class='ocrx_word' id='word_1_274' title='bbox 365 1817 424 1853; x_wconf 78' lang='lat' dir='ltr'>W</span> <span class='ocrx_word' id='word_1_275' title='bbox 439 1829 451 1853; x_wconf 92' lang='lat'><em>1</em></span> <span class='ocrx_word' id='word_1_276' title='bbox 466 1829 488 1853; x_wconf 79' lang='lat' dir='ltr'>N</span> <span class='ocrx_word' id='word_1_277' title='bbox 505 1829 551 1854; x_wconf 65' lang='grc'><strong>5]-</strong></span> <span class='ocrx_word' id='word_1_278' title='bbox 565 1829 588 1854; x_wconf 96' lang='lat' dir='ltr'><strong>o</strong></span> <span class='ocrx_word' id='word_1_279' title='bbox 602 1829 637 1855; x_wconf 89' lang='lat' dir='ltr'>W</span> <span class='ocrx_word' id='word_1_280' title='bbox 652 1830 663 1853; x_wconf 90' lang='lat'>1</span> <span class='ocrx_word' id='word_1_281' title='bbox 679 1830 701 1854; x_wconf 72' lang='lat' dir='ltr'>A</span> <span class='ocrx_word' id='word_1_282' title='bbox 716 1829 740 1854; x_wconf 80' lang='lat' dir='ltr'>N</span> <span class='ocrx_word' id='word_1_283' title='bbox 754 1829 784 1854; x_wconf 67' lang='lat' dir='ltr'><strong>st:</strong></span> <span class='ocrx_word' id='word_1_284' title='bbox 812 1817 1113 1866; x_wconf 81' lang='lat' dir='ltr'><strong>descriptionibus</strong></span> <span class='ocrx_word' id='word_1_285' title='bbox 1134 1829 1173 1853; x_wconf 82' lang='lat' dir='ltr'><strong>ea</strong></span> <span class='ocrx_word' id='word_1_286' title='bbox 1200 1816 1278 1854; x_wconf 75' lang='lat' dir='ltr'><strong>satis</strong></span> <span class='ocrx_word' id='word_1_287' title='bbox 1306 1815 1427 1854; x_wconf 78' lang='lat' dir='ltr'><strong>similis</strong></span> <span class='ocrx_word' id='word_1_288' title='bbox 1449 1817 1522 1859; x_wconf 88' lang='lat' dir='ltr'><strong>est,</strong></span> <span class='ocrx_word' id='word_1_289' title='bbox 1558 1829 1666 1866; x_wconf 82' lang='lat' dir='ltr'><strong>quam</strong></span> <span class='ocrx_word' id='word_1_290' title='bbox 1685 1828 1729 1854; x_wconf 87' lang='lat' dir='ltr'><strong>ex</strong></span> <span class='ocrx_word' id='word_1_291' title='bbox 1758 1815 1788 1864; x_wconf 91' lang='lat' dir='ltr'>J</span> <span class='ocrx_word' id='word_1_292' title='bbox 1824 1814 1906 1851; x_wconf 80' lang='lat' dir='ltr'><strong>Fri-</strong></span> 
     </span>
     <span class='ocr_line' id='line_1_28' title="bbox 302 1874 1933 1920; baseline -0.002 -6"><span class='ocrx_word' id='word_1_293' title='bbox 302 1877 415 1914; x_wconf 55' lang='lat' dir='ltr'><strong>clerici</strong></span> <span class='ocrx_word' id='word_1_294' title='bbox 445 1876 774 1920; x_wconf 73' lang='grc' dir='ltr'><strong>ΕΑεεΕΒοΗΜ,</strong></span> <span class='ocrx_word' id='word_1_295' title='bbox 816 1875 1028 1914; x_wconf 74' lang='lat' dir='ltr'><strong>solertissimi</strong></span> <span class='ocrx_word' id='word_1_296' title='bbox 1063 1875 1152 1912; x_wconf 86' lang='lat' dir='ltr'><strong>olim</strong></span> <span class='ocrx_word' id='word_1_297' title='bbox 1174 1877 1391 1918; x_wconf 82' lang='lat' dir='ltr'><strong>anatomici,</strong></span> <span class='ocrx_word' id='word_1_298' title='bbox 1441 1874 1571 1912; x_wconf 83' lang='lat' dir='ltr'><strong>scholis</strong></span> <span class='ocrx_word' id='word_1_299' title='bbox 1603 1875 1717 1912; x_wconf 84' lang='lat' dir='ltr'><strong>edidit</strong></span> <span class='ocrx_word' id='word_1_300' title='bbox 1762 1874 1903 1911; x_wconf 76' lang='lat' dir='ltr'><strong>Czrolus</strong></span> <span class='ocrx_word' id='word_1_301' title='bbox 1931 1880 1933 1883; x_wconf 79' lang='grc'><strong>“</strong></span> 
     </span>
     <span class='ocr_line' id='line_1_29' title="bbox 306 1933 1905 1986; baseline -0.003 -12"><span class='ocrx_word' id='word_1_302' title='bbox 306 1934 491 1983; x_wconf 76' lang='lat' dir='ltr'><strong>Philippus</strong></span> <span class='ocrx_word' id='word_1_303' title='bbox 526 1935 778 1973; x_wconf 70' lang='lat' dir='ltr'>GLAsqus</span> <span class='ocrx_word' id='word_1_304' title='bbox 809 1934 865 1986; x_wconf 87' lang='lat' dir='ltr'><strong>[l</strong></span> <span class='ocrx_word' id='word_1_305' title='bbox 882 1933 914 1985; x_wconf 92' lang='lat'><strong>].</strong></span> <span class='ocrx_word' id='word_1_306' title='bbox 953 1934 1105 1972; x_wconf 90' lang='lat' dir='ltr'><strong>Perinde</strong></span> <span class='ocrx_word' id='word_1_307' title='bbox 1139 1934 1245 1972; x_wconf 82' lang='lat' dir='ltr'><strong>habet</strong></span> <span class='ocrx_word' id='word_1_308' title='bbox 1275 1934 1379 1971; x_wconf 86' lang='lat' dir='ltr'>fibras</span> <span class='ocrx_word' id='word_1_309' title='bbox 1409 1941 1572 1971; x_wconf 82' lang='lat' dir='ltr'><strong>externas</strong></span> <span class='ocrx_word' id='word_1_310' title='bbox 1593 1964 1602 1978; x_wconf 79' lang='grc'>,</span> <span class='ocrx_word' id='word_1_311' title='bbox 1646 1935 1777 1983; x_wconf 79' lang='lat' dir='ltr'><strong>quibus</strong></span> <span class='ocrx_word' id='word_1_312' title='bbox 1809 1933 1905 1983; x_wconf 81' lang='lat' dir='ltr'><strong>quast</strong></span> 
     </span>
    </p>
   </div>
   <div class='ocr_carea' id='block_1_5' title="bbox 306 1993 1906 2090">
    <p class='ocr_par' dir='ltr' id='par_1_7' title="bbox 306 1993 1906 2090">
     <span class='ocr_line' id='line_1_30' title="bbox 306 1993 1906 2043; baseline -0.002 -11"><span class='ocrx_word' id='word_1_313' title='bbox 306 2002 435 2033; x_wconf 82' lang='lat' dir='ltr'><strong>cortex</strong></span> <span class='ocrx_word' id='word_1_314' title='bbox 460 1995 580 2033; x_wconf 87' lang='lat' dir='ltr'><strong>cordis</strong></span> <span class='ocrx_word' id='word_1_315' title='bbox 607 1996 770 2039; x_wconf 85' lang='lat' dir='ltr'><strong>constat,</strong></span> <span class='ocrx_word' id='word_1_316' title='bbox 803 1997 842 2033; x_wconf 88' lang='lat' dir='ltr'><strong>in</strong></span> <span class='ocrx_word' id='word_1_317' title='bbox 872 1995 1002 2033; x_wconf 75' lang='lat' dir='ltr'><strong>dextro</strong></span> <span class='ocrx_word' id='word_1_318' title='bbox 1022 1993 1226 2033; x_wconf 86' lang='lat' dir='ltr'><strong>ventriculo</strong></span> <span class='ocrx_word' id='word_1_319' title='bbox 1252 1994 1367 2042; x_wconf 77' lang='lat' dir='ltr'><strong>magis</strong></span> <span class='ocrx_word' id='word_1_320' title='bbox 1394 1993 1558 2043; x_wconf 78' lang='lat' dir='ltr'><strong>obliquas</strong></span> <span class='ocrx_word' id='word_1_321' title='bbox 1576 2022 1586 2036; x_wconf 91' lang='lat'><strong><em>,</em></strong></span> <span class='ocrx_word' id='word_1_322' title='bbox 1622 1995 1661 2031; x_wconf 87' lang='lat' dir='ltr'><strong>in</strong></span> <span class='ocrx_word' id='word_1_323' title='bbox 1684 1993 1821 2030; x_wconf 73' lang='lat' dir='ltr'><strong>sinistro</strong></span> <span class='ocrx_word' id='word_1_324' title='bbox 1838 1994 1906 2029; x_wconf 87' lang='lat' dir='ltr'><strong>mi-</strong></span> 
     </span>
     <span class='ocr_line' id='line_1_31' title="bbox 1824 2064 1901 2090; baseline -0.013 -1"><span class='ocrx_word' id='word_1_325' title='bbox 1824 2064 1901 2090; x_wconf 56' lang='lat' dir='ltr'><strong>nus</strong></span> 
     </span>
    </p>
   </div>
   <div class='ocr_carea' id='block_1_6' title="bbox 306 2107 1904 2468">
    <p class='ocr_par' dir='ltr' id='par_1_8' title="bbox 347 2107 1894 2394">
     <span class='ocr_line' id='line_1_32' title="bbox 348 2107 1756 2151; baseline -0.002 -9"><span class='ocrx_word' id='word_1_326' title='bbox 348 2113 429 2149; x_wconf 80' lang='lat' dir='ltr'><strong>(u)</strong></span> <span class='ocrx_word' id='word_1_327' title='bbox 453 2114 551 2142; x_wconf 68' lang='lat' dir='ltr'><strong>Exere.</strong></span> <span class='ocrx_word' id='word_1_328' title='bbox 581 2113 661 2142; x_wconf 54' lang='lat' dir='ltr'><strong>bled</strong></span> <span class='ocrx_word' id='word_1_329' title='bbox 692 2123 718 2151; x_wconf 88' lang='lat' dir='ltr'><strong>p.</strong></span> <span class='ocrx_word' id='word_1_330' title='bbox 746 2115 793 2150; x_wconf 85' lang='lat'><strong>96.</strong></span> <span class='ocrx_word' id='word_1_331' title='bbox 819 2121 869 2149; x_wconf 84' lang='lat'><strong>97.</strong></span> <span class='ocrx_word' id='word_1_332' title='bbox 1176 2108 1248 2146; x_wconf 84' lang='lat' dir='ltr'><strong>(e)</strong></span> <span class='ocrx_word' id='word_1_333' title='bbox 1271 2107 1369 2148; x_wconf 67' lang='lat' dir='ltr'><em>Expcff</em></span> <span class='ocrx_word' id='word_1_334' title='bbox 1393 2119 1420 2140; x_wconf 87' lang='lat' dir='ltr'><strong>n</strong></span> <span class='ocrx_word' id='word_1_335' title='bbox 1453 2119 1496 2147; x_wconf 79' lang='lat'><strong>52</strong></span> <span class='ocrx_word' id='word_1_336' title='bbox 1521 2110 1658 2141; x_wconf 58' lang='lat' dir='ltr'><strong>lvsemoir.</strong></span> <span class='ocrx_word' id='word_1_337' title='bbox 1685 2108 1701 2137; x_wconf 83' lang='lat' dir='ltr'>I</span> <span class='ocrx_word' id='word_1_338' title='bbox 1732 2118 1756 2139; x_wconf 86' lang='lat' dir='ltr'><strong>c.</strong></span> 
     </span>
     <span class='ocr_line' id='line_1_33' title="bbox 347 2149 1502 2192; baseline -0.003 -9"><span class='ocrx_word' id='word_1_339' title='bbox 347 2155 427 2189; x_wconf 77' lang='lat' dir='ltr'><strong>(x)</strong></span> <span class='ocrx_word' id='word_1_340' title='bbox 451 2151 549 2192; x_wconf 63' lang='lat' dir='ltr'><strong>Philas.</strong></span> <span class='ocrx_word' id='word_1_341' title='bbox 575 2151 723 2192; x_wconf 69' lang='lat' dir='ltr'><strong>Transacfl.</strong></span> <span class='ocrx_word' id='word_1_342' title='bbox 750 2163 779 2183; x_wconf 87' lang='lat' dir='ltr'><strong>n.</strong></span> <span class='ocrx_word' id='word_1_343' title='bbox 811 2157 883 2192; x_wconf 72' lang='lat'><strong>460.</strong></span> <span class='ocrx_word' id='word_1_344' title='bbox 1174 2150 1255 2188; x_wconf 79' lang='lat' dir='ltr'><strong>(s)</strong></span> <span class='ocrx_word' id='word_1_345' title='bbox 1278 2149 1373 2189; x_wconf 72' lang='lat' dir='ltr'><em>Expos</em></span> <span class='ocrx_word' id='word_1_346' title='bbox 1398 2161 1425 2180; x_wconf 87' lang='lat' dir='ltr'><strong>n.</strong></span> <span class='ocrx_word' id='word_1_347' title='bbox 1458 2161 1502 2189; x_wconf 84' lang='lat'><strong>55.</strong></span> 
     </span>
     <span class='ocr_line' id='line_1_34' title="bbox 348 2192 1375 2231; baseline -0.001 -1"><span class='ocrx_word' id='word_1_348' title='bbox 348 2192 1375 2231; x_wconf 64' lang='lat' dir='ltr'><strong>&lt;v)Tc‹b·-15f.1(g)n--57</strong></span> 
     </span>
     <span class='ocr_line' id='line_1_35' title="bbox 349 2232 1674 2271; baseline -0.002 -7"><span class='ocrx_word' id='word_1_349' title='bbox 349 2237 396 2270; x_wconf 74' lang='lat' dir='ltr'><strong>(z</strong></span> <span class='ocrx_word' id='word_1_350' title='bbox 414 2239 425 2271; x_wconf 94' lang='lat'>)</span> <span class='ocrx_word' id='word_1_351' title='bbox 447 2236 465 2265; x_wconf 89' lang='lat' dir='ltr'><strong>f.</strong></span> <span class='ocrx_word' id='word_1_352' title='bbox 495 2241 520 2270; x_wconf 99' lang='lat'>8</span> <span class='ocrx_word' id='word_1_353' title='bbox 1174 2236 1185 2267; x_wconf 91' lang='lat'>(</span> <span class='ocrx_word' id='word_1_354' title='bbox 1205 2233 1252 2270; x_wconf 79' lang='lat' dir='ltr'><strong>h)</strong></span> <span class='ocrx_word' id='word_1_355' title='bbox 1275 2232 1308 2262; x_wconf 72' lang='lat' dir='ltr'><strong>in</strong></span> <span class='ocrx_word' id='word_1_356' title='bbox 1333 2234 1472 2264; x_wconf 74' lang='lat' dir='ltr'><strong>Memoir.</strong></span> <span class='ocrx_word' id='word_1_357' title='bbox 1499 2242 1560 2271; x_wconf 84' lang='lat' dir='ltr'><strong>quae</strong></span> <span class='ocrx_word' id='word_1_358' title='bbox 1579 2232 1674 2263; x_wconf 83' lang='lat' dir='ltr'><strong>citavi.</strong></span> 
     </span>
     <span class='ocr_line' id='line_1_36' title="bbox 350 2271 1902 2314; baseline -0.002 -10"><span class='ocrx_word' id='word_1_359' title='bbox 350 2276 639 2314; x_wconf 82' lang='lat' dir='ltr'><strong>(a)I.c.n.47.</strong></span> <span class='ocrx_word' id='word_1_360' title='bbox 1175 2271 1902 2312; x_wconf 64' lang='lat' dir='ltr'><strong>(i)Ap.udBAnTnoL1NuMamtpe51</strong></span> 
     </span>
     <span class='ocr_line' id='line_1_37' title="bbox 350 2318 1259 2355; baseline 0 -10"><span class='ocrx_word' id='word_1_361' title='bbox 350 2318 362 2351; x_wconf 79' lang='lat'>&lt;</span> <span class='ocrx_word' id='word_1_362' title='bbox 381 2319 398 2345; x_wconf 82' lang='lat' dir='ltr'><strong><em>b</em></strong></span> <span class='ocrx_word' id='word_1_363' title='bbox 417 2318 429 2352; x_wconf 92' lang='lat'>)</span> <span class='ocrx_word' id='word_1_364' title='bbox 453 2327 479 2346; x_wconf 92' lang='lat' dir='ltr'><strong>n.</strong></span> <span class='ocrx_word' id='word_1_365' title='bbox 503 2326 550 2352; x_wconf 83' lang='lat'><strong>49</strong></span> <span class='ocrx_word' id='word_1_366' title='bbox 1134 2325 1161 2355; x_wconf 91' lang='lat' dir='ltr'><strong>p.</strong></span> <span class='ocrx_word' id='word_1_367' title='bbox 1196 2320 1259 2345; x_wconf 82' lang='lat'>106.</span> 
     </span>
     <span class='ocr_line' id='line_1_38' title="bbox 350 2356 1716 2394; baseline -0.001 -8"><span class='ocrx_word' id='word_1_368' title='bbox 350 2358 395 2392; x_wconf 88' lang='lat' dir='ltr'><strong>(c</strong></span> <span class='ocrx_word' id='word_1_369' title='bbox 416 2359 428 2394; x_wconf 90' lang='lat'><em>)</em></span> <span class='ocrx_word' id='word_1_370' title='bbox 456 2368 482 2388; x_wconf 87' lang='lat' dir='ltr'><strong>n.</strong></span> <span class='ocrx_word' id='word_1_371' title='bbox 510 2368 554 2393; x_wconf 85' lang='lat'><strong>50.</strong></span> <span class='ocrx_word' id='word_1_372' title='bbox 1174 2357 1251 2393; x_wconf 77' lang='lat' dir='ltr'><strong>(k)</strong></span> <span class='ocrx_word' id='word_1_373' title='bbox 1274 2358 1384 2393; x_wconf 73' lang='lat' dir='ltr'><strong>specim.</strong></span> <span class='ocrx_word' id='word_1_374' title='bbox 1406 2363 1476 2386; x_wconf 79' lang='lat' dir='ltr'><strong>anat</strong></span> <span class='ocrx_word' id='word_1_375' title='bbox 1503 2357 1558 2387; x_wconf 77' lang='lat' dir='ltr'><strong>tab.</strong></span> <span class='ocrx_word' id='word_1_376' title='bbox 1582 2367 1609 2386; x_wconf 91' lang='lat'><strong>2.</strong></span> <span class='ocrx_word' id='word_1_377' title='bbox 1635 2356 1653 2386; x_wconf 90' lang='lat' dir='ltr'><strong>f.</strong></span> <span class='ocrx_word' id='word_1_378' title='bbox 1691 2365 1716 2384; x_wconf 86' lang='lat'><strong>1.</strong></span> 
     </span>
    </p>

    <p class='ocr_par' dir='ltr' id='par_1_9' title="bbox 306 2395 1904 2468">
     <span class='ocr_line' id='line_1_39' title="bbox 306 2395 1904 2468; baseline -0.001 -42"><span class='ocrx_word' id='word_1_379' title='bbox 306 2437 341 2468; x_wconf 63' lang='lat'><strong>&#39;&#39;4’</strong></span> <span class='ocrx_word' id='word_1_380' title='bbox 350 2400 363 2432; x_wconf 83' lang='lat'>(</span> <span class='ocrx_word' id='word_1_381' title='bbox 382 2399 406 2460; x_wconf 37' lang='grc' dir='ltr'><strong>ἀί</strong></span> <span class='ocrx_word' id='word_1_382' title='bbox 452 2399 469 2427; x_wconf 95' lang='lat' dir='ltr'><strong>l</strong></span> <span class='ocrx_word' id='word_1_383' title='bbox 497 2408 522 2427; x_wconf 90' lang='lat' dir='ltr'><strong>c.</strong></span> <span class='ocrx_word' id='word_1_384' title='bbox 548 2399 574 2427; x_wconf 85' lang='lat'>&amp;</span> <span class='ocrx_word' id='word_1_385' title='bbox 597 2398 626 2427; x_wconf 93' lang='lat' dir='ltr'><strong>in</strong></span> <span class='ocrx_word' id='word_1_386' title='bbox 643 2400 784 2430; x_wconf 84' lang='lat' dir='ltr'><strong>Memoir.</strong></span> <span class='ocrx_word' id='word_1_387' title='bbox 809 2400 842 2428; x_wconf 73' lang='lat' dir='ltr'><strong>de</strong></span> <span class='ocrx_word' id='word_1_388' title='bbox 866 2398 979 2431; x_wconf 77' lang='lat' dir='ltr'><strong>I’Acad.</strong></span> <span class='ocrx_word' id='word_1_389' title='bbox 1007 2401 1078 2438; x_wconf 73' lang='lat' dir='ltr'><strong>Ray.</strong></span> <span class='ocrx_word' id='word_1_390' title='bbox 1173 2400 1188 2437; x_wconf 84' lang='lat'>(</span> <span class='ocrx_word' id='word_1_391' title='bbox 1204 2399 1216 2427; x_wconf 89' lang='lat' dir='ltr'><em>l</em></span> <span class='ocrx_word' id='word_1_392' title='bbox 1237 2399 1302 2435; x_wconf 82' lang='lat' dir='ltr'><strong>&gt;D</strong></span> <span class='ocrx_word' id='word_1_393' title='bbox 1272 2398 1500 2428; x_wconf 68' lang='lat' dir='ltr'><strong>admirando</strong></span> <span class='ocrx_word' id='word_1_394' title='bbox 1505 2395 1657 2438; x_wconf 79' lang='lat' dir='ltr'><strong>sanguinis</strong></span> <span class='ocrx_word' id='word_1_395' title='bbox 1670 2398 1794 2427; x_wconf 67' lang='lat' dir='ltr'><strong>eircuitu</strong></span> <span class='ocrx_word' id='word_1_396' title='bbox 1808 2405 1834 2426; x_wconf 90' lang='lat' dir='ltr'><strong>n.</strong></span> <span class='ocrx_word' id='word_1_397' title='bbox 1854 2399 1904 2433; x_wconf 69' lang='lat'><strong>47·</strong></span> 
     </span>
    </p>
   </div>
   <div class='ocr_carea' id='block_1_7' title="bbox 306 2436 431 2478">
    <p class='ocr_par' dir='ltr' id='par_1_10' title="bbox 306 2436 431 2478">
     <span class='ocr_line' id='line_1_40' title="bbox 306 2447 325 2475; textangle 90"><span class='ocrx_word' id='word_1_398' title='bbox 306 2447 325 2475; x_wconf 60' lang='lat' dir='ltr'><strong>:s</strong></span> 
     </span>
     <span class='ocr_line' id='line_1_41' title="bbox 342 2436 404 2478; textangle 90"><span class='ocrx_word' id='word_1_399' title='bbox 342 2436 404 2478; x_wconf 53' lang='grc' dir='ltr'><strong>’ζᾙ</strong></span> 
     </span>
     <span class='ocr_line' id='line_1_42' title="bbox 397 2441 431 2469; textangle 90"><span class='ocrx_word' id='word_1_400' title='bbox 397 2441 431 2469; x_wconf 62' lang='grc' dir='ltr'>ἒ</span> 
     </span>
    </p>
   </div>
   <div class='ocr_carea' id='block_1_8' title="bbox 431 2447 722 2479">
    <p class='ocr_par' dir='ltr' id='par_1_11' title="bbox 431 2447 722 2479">
     <span class='ocr_line' id='line_1_43' title="bbox 431 2447 722 2479; baseline 0.007 -10"><span class='ocrx_word' id='word_1_401' title='bbox 431 2447 578 2477; x_wconf 76' lang='lat' dir='ltr'>zc.1711</span> <span class='ocrx_word' id='word_1_402' title='bbox 599 2449 623 2478; x_wconf 83' lang='lat' dir='ltr'>p</span> <span class='ocrx_word' id='word_1_403' title='bbox 655 2447 722 2479; x_wconf 72' lang='lat'><strong>512</strong></span> 
     </span>
    </p>
   </div>
  </div>
 </body>
</html>
