2003 2748
350 165 436 202 294
860 147 1016 190 LIB.
1080 145 1182 190 IV.
1247 145 1426 192 COR]

350 251 451 290 dulas
474 246 606 298 scripsit
631 247 847 297 plerumque
870 243 1035 296 plumbei
1060 245 1194 284 coloris
1213 275 1222 289 ‚
1262 246 1344 285 alias
1368 244 1498 286 rubelli
1520 241 1587 286 effe
1613 246 1649 286 &
1678 246 1788 288 albidi
1815 246 1934 303 (o),'

348 311 502 361 postque
532 308 726 345 chronicos
749 307 900 343 morbos
921 306 1021 343 mole
1048 306 1162 343 austas
1191 308 1347 355 reperiri.

406 368 460 406 Ex
489 368 531 404 iis
553 379 653 404 nunc
673 365 853 414 glandulis
878 373 982 402 natos
1008 365 1133 403 dudius
1155 365 1357 414 descripsit,
1402 367 1438 404 &
1462 366 1627 416 depinxit
1644 396 1654 410 ‚
1702 379 1794 417 quos
1829 372 1933 406 com-¹

346 426 460 478 pressa
480 426 649 475 glandula
671 424 929 462 manifestiores
956 424 1083 461 reddat
1105 424 1206 473 (p).
1243 424 1315 463 Eos
1343 425 1468 464 ductus
1495 426 1697 475 pellucidos
1712 455 1721 469 ‚
1760 439 1837 464 non
1861 428 1935 464 val-
1968 456 1975 460 v.

345 486 512 529 vulosos,
547 485 669 523 eundo
689 484 909 530 increscere3
942 483 1131 533 plerosque
1151 484 1195 521 ad
1220 485 1461 533 pericardium
1482 485 1632 523 tendere
1647 515 1657 530 ‚
1692 485 1837 535 ejusque
1853 498 1936 535 par-

345 554 420 584 tem
443 545 661 595 superiorem
692 545 727 581 &
748 545 903 580 anterius
931 545 1042 591 (q),
1080 544 1115 580 ὃς
1143 556 1213 592 qua
1244 543 1350 581 dorso
1380 546 1546 582 innititur
1576 544 1662 596 (r)
1682 573 1690 587 ,
1733 546 1936 593 grandibus

342 608 457 655 inque
478 604 678 653 pericardio
701 603 902 651 conspicuis
921 604 1019 651 poris
1038 602 1220 651 perforare
1239 603 1366 640 docuit
1389 604 1438 651 (s
1455 602 1493 652 )‚
1525 612 1566 641 ut
1590 611 1709 653 guttas
1728 606 1935 653 exprimere

344 663 460 715 possis.
497 664 597 701 Alios
620 663 744 701 duetus
773 663 928 711 denique
955 661 1139 709 vaginulas
1160 662 1424 699 bronchioruin
1450 662 1566 700 sublre
1592 661 1662 712 (t)
1689 664 1838 702 addidit.

306 716 309 718 ¹
403 724 702 772 Experimentum
730 722 898 771 quidem,
930 721 974 757 ab
997 721 1183 757 ANTONro
1210 733 1257 757 DE
1280 720 1545 758 MARCHETTis
1574 722 1812 771 produffitum,
1851 723 1933 772 post

349 791 516 821 centenas
530 795 625 819 meas
646 781 770 818 ductus
784 780 957 817 thoracici
970 779 1186 828 repletiones
1202 808 1211 822 ‚
1233 779 1400 818 audacius
1420 780 1599 819 &certius
1621 781 1744 819 falsum
1763 781 1830 820 esse
1847 795 1934 832 pro-

344 841 526 880 nunciasse
552 842 663 878 liceat.
700 840 778 885 Qui
801 852 819 876 a
840 839 968 888 thymo
987 838 1111 875 ductus
1132 838 1201 875 fieti
1223 838 1302 876 sunt
1316 867 1325 881 ‚
1356 851 1418 876 eos
1439 839 1484 876 ad
1502 852 1633 877 nervos
1661 842 1714 877 vir
1732 841 1822 879 olim
1845 842 1938 879 doc-

343 901 492 939 tissimus
524 903 578 948 (u
595 901 610 945 )
627 929 635 943 ‚
670 912 741 947 ego
762 898 805 935 ad
831 898 1011 935 asteriolas
1038 898 1224 935 retulerim
1243 910 1250 934 ε
1282 898 1407 936 succus
1429 906 1597 936 caeterum
1613 899 1731 948 thymi
1753 900 1853 937 albus
1869 929 1878 943 ,
1913 913 1934 938 a

342 961 449 998 rubra
474 959 621 1008 lympha
640 957 876 1008 pericardiaca
900 958 992 995 fetus
1018 957 1167 994 humani
1191 957 1394 1005 longissime
1413 958 1556 995 recedit.
1601 957 1729 996 Obstat
1751 960 1859 996 etiam
1878 972 1936 997 ar-

341 1026 562 1068 gumentum
580 1047 589 1061 ‚
625 1017 726 1067 quod
749 1016 837 1066 saepe
857 1024 1036 1066 repetam,
1066 1017 1109 1053 ab
1135 1023 1302 1053 anatome
1332 1024 1523 1066 conparata
1546 1016 1714 1055 sumtum.
1763 1017 1930 1057 Pluribus

342 1080 439 1116 enim
474 1077 686 1115 animalibus
711 1088 801 1125 aqua
830 1076 1019 1125 pericardii
1042 1088 1061 1112 a
1083 1082 1208 1112 natura
1235 1075 1313 1113 data
1339 1076 1413 1118 est,
1448 1077 1486 1113 in
1509 1077 1641 1126 quibus
1667 1077 1814 1127 thymus
1845 1077 1933 1115 defi-

342 1139 415 1175 cit:
453 1149 531 1174 eam
564 1139 661 1174 enim
698 1135 907 1184 glandulam
943 1134 1236 1184 quadrupedibus
1263 1136 1430 1184 viviparis
1461 1137 1646 1184 propriam
1679 1135 1745 1173 effe
1772 1138 1927 1186 reperiow

339 1196 370 1234 L
386 1209 445 1234 AN
465 1208 695 1234 01s1ANAE
723 1193 901 1243 glandulae
928 1193 1203 1231 manifestissime
1234 1193 1278 1231 de
1303 1194 1528 1242 conglobato
1557 1196 1592 1232 &
1619 1195 1841 1245 lymphatico
1867 1208 1932 1244 ge-

338 1269 425 1293 nere
448 1256 554 1297 sunt,
602 1255 646 1291 de
673 1254 803 1303 quibus
833 1252 922 1289 nihil
947 1254 1147 1302 exprimere
1177 1252 1261 1289 licet
1295 1253 1353 1299 (x
1372 1252 1398 1298 >.
1435 1251 1519 1300 Ejus
1550 1255 1692 1302 generis
1725 1252 1931 1292 carunculae

338 1315 430 1352 adeo
457 1313 604 1351 infinitis
636 1313 725 1350 locis
752 1319 940 1361 ponuntur
955 1340 964 1354 ‚
1010 1311 1108 1349 unde
1124 1311 1221 1348 nulla
1244 1311 1287 1348 ad
1307 1312 1548 1360 pericardium
1569 1314 1624 1349 via
1645 1313 1693 1349 est
1713 1341 1722 1355 ,
1758 1322 1799 1351 ut
1819 1314 1929 1351 etiam

337 1375 379 1411 iis
397 1403 406 1416 ,
448 1386 526 1423 quse
559 1374 749 1410 viciniores
777 1371 829 1408 illi
858 1371 959 1408 sacco
991 1370 1072 1408 sunt
1091 1399 1100 1413 ‚
1137 1369 1278 1408 nullum
1305 1382 1390 1408 cum
1420 1372 1495 1418 ejus
1528 1383 1632 1408 cavea
1659 1374 1928 1410 commercium

337 1432 404 1470 effe
420 1462 429 1475 ,
463 1432 556 1469 recte
580 1432 769 1469 existimes.
817 1427 874 1467 ΕΞ
905 1441 991 1467 vero
1009 1458 1018 1472 ‚
1064 1441 1149 1478 quas
1172 1430 1225 1466 vir
1249 1428 1492 1478 Amplissimus
1514 1430 1678 1478 depinxit
1698 1459 1707 1473 ,
1757 1431 1894 1469 venulae
1912 1459 1923 1474 ,

338 1493 492 1529 omnino
522 1491 566 1528 de
596 1490 813 1540 lymphatica
838 1496 948 1537 gente
977 1489 1148 1530 fuerunt,
1195 1496 1237 1525 ut
1263 1500 1309 1525 ex
1333 1488 1514 1536 glandulis
1543 1489 1752 1538 adgnosco,
1796 1489 1821 1527 fi
1847 1502 1929 1527 om-

336 1553 426 1588 nino
445 1549 666 1588 amanuensis
693 1549 788 1587 dotti
810 1547 967 1586 Praesulis
996 1560 1079 1585 vere
1102 1547 1147 1585 ad
1171 1554 1335 1584 naturam
1367 1559 1423 1584 eas
1447 1550 1551 1597 pingi
1577 1550 1723 1586 curavit.
1852 1545 1855 1547 ’
1980 1545 1985 1547 ’

395 1610 560 1660 Superest
586 1621 625 1647 ea
652 1610 778 1658 opinio
795 1636 805 1651 ,
843 1619 922 1657 quae
954 1609 992 1644 in
1016 1607 1091 1656 ipso
1125 1606 1326 1656 pericardio
1348 1606 1454 1654 hujus
1484 1607 1578 1645 succi
1604 1607 1834 1657 scaturigines
1859 1607 1931 1657 po-v

333 1671 396 1707 nit.
434 1668 530 1717 Ergo
552 1670 588 1705 in
618 1668 686 1717 ipsa
706 1697 714 1711 ,
754 1679 861 1717 quam
882 1674 1038 1709 vocant,
1072 1666 1262 1704 substantia
1280 1664 1480 1704 Pericardii
1498 1666 1676 1715 glandulae
1699 1668 1779 1705 sunt
1795 1696 1804 1710 ,
1838 1679 1929 1716 quas

333 1730 371 1766 in
396 1728 536 1765 bubulo
562 1728 763 1777 pericardio
793 1727 929 1775 primus
961 1725 1103 1763 Samuel
1119 1725 1345 1763 COLLle
1374 1723 1426 1775 (y
1443 1723 1482 1774 )‚
1532 1726 1616 1763 inde
1637 1727 1811 1776 Jofi’phus
1834 1725 1870 1763 D
1885 1737 1928 1763 u-

333 1800 357 1824 v
372 1799 391 1823 E
407 1799 426 1823 R
444 1799 467 1823 N
486 1799 503 1823 E
519 1799 542 1823 Y
574 1788 589 1832 <
608 1799 632 1822 z
651 1785 691 1837 ),
731 1785 862 1822 deinde
875 1813 884 1827 ‚
916 1785 975 1822 sed
997 1785 1113 1822 multo
1146 1786 1290 1822 uberius
1305 1813 1314 1827 ,
1355 1783 1551 1822 Marcellus
1575 1785 1619 1822 M
1632 1799 1653 1823 A
1668 1798 1687 1821 L
1701 1798 1745 1822 Pl
1765 1797 1788 1822 G
1805 1796 1854 1821 HI
1871 1796 1891 1821 U
1907 1796 1927 1821 s

335 1844 511 1895 descripsit
536 1846 648 1895 (a),
685 1845 729 1882 ad
761 1843 929 1881 morbosa
959 1844 1107 1893 quidem
1139 1845 1261 1892 potius
1293 1841 1346 1890 (h
1365 1843 1406 1890 ),
1442 1854 1550 1892 quam
1574 1844 1618 1882 ad
1644 1844 1723 1883 sana
1755 1855 1921 1894 corpora„

1804 1901 1925 1939 “Exi-

374 2013 387 2049 (
410 2024 423 2042 ο
442 2014 453 2040 Ὗ
475 2010 546 2042 Ibid.
577 2020 604 2049 p.
639 2018 684 2056 24.

372 2053 448 2092 (p)
472 2063 499 2089 r>-
535 2062 578 2086 ³<-

375 2092 591 2134 (q)T.111.
622 2092 640 2121 f.
677 2089 796 2121 r.h.h

373 2135 488 2172 (r)f.
516 2142 541 2162 2.
569 2130 723 2171 ads-fif-

371 2178 444 2212 (ς)
469 2175 537 2204 ibid.
564 2174 580 2202 f.
606 2183 628 2210 3.

372 2216 442 2252 (ι)
465 2215 536 2245 lbid
563 2224 589 2251 ρ
623 2223 667 2250 35

371 2257 447 2292 (ιι)
471 2257 647 2285 Soanta
662 2263 848 2285 ammi-111³
874 2252 907 2282 de
936 2263 994 2291 aqu
997 2255 1219 2294 iperitardiip.
1248 2260 1296 2292 18

370 2298 447 2333 (x)
471 2295 578 2325 Eidem
599 2297 655 2331 Jrc
643 2296 701 2323 obi
728 2294 858 2324 P0221
885 2294 923 2324 est
944 2294 1103 2327 observatio
1128 2297 1158 2328 in
1184 2299 1337 2327 Commerc.
1364 2294 1504 2335 Epis'i'olz'c.
1526 2306 1554 2337 p.
1582 2299 1633 2338 67.

369 2338 444 2374 (y)
470 2335 571 2371 system
604 2334 637 2371 vs
660 2346 715 2364 mm
709 2342 774 2364 rito»
768 2346 794 2371 ἦν
820 2346 845 2372 ρ.
875 2344 941 2373 713.

382 2379 457 2414 (2)
481 2377 520 2406 Ex
544 2375 704 2404 testimonio
732 2376 1293 2418 Joh.s⁴Anr0N11c.p.277

367 2382 414 2453 ((a
435 2420 446 2453 )
471 2420 512 2446 De
528 2416 624 2451 glani.
648 2417 767 2453 conglob.
799 2426 824 2453 p.
852 2427 876 2452 7.

362 2461 373 2488 s
393 2458 438 2497 h)
462 2457 535 2490 Nam
558 2455 640 2488 fanus
657 2457 718 2495 est,
750 2457 780 2485 in
800 2456 867 2489 sano
893 2458 1050 2496 pericardio
1076 2458 1213 2494 fabricam
1234 2460 1350 2493 dubiam
1369 2459 1431 2493 esse.
