2003 2748
336 149 418 190 356
844 138 1168 181 LiarV.
1235 140 1410 184 COR.

321 245 461 289 partem
481 237 728 276 terminentur.
771 234 917 275 Eaedem
943 239 983 275 in
1014 239 1114 288 apice
1144 237 1263 277 cordis
1288 238 1424 278 stellam
1460 239 1559 290 quafi
1580 239 1773 292 efficiunt;
1806 244 1843 287 ’ἃς
1867 245 1923 289 in,

322 306 380 337 tus
396 297 627 346 conspicuam
639 326 648 340 ,
683 299 720 335 &
733 296 822 335 foris
838 301 855 345 (
870 300 908 334 s*
923 299 949 344 ).
987 296 1129 335 Eaedem
1151 297 1248 336 fibrae
1262 327 1272 341 ,
1305 311 1385 349 quae
1405 298 1584 340 finistrum
1599 306 1843 346 ventriculum
1865 308 1921 347 su-

322 359 456 400 beunt,
486 357 675 394 columnas
696 358 803 394 etiam
829 356 1046 395 musculosas
1072 357 1192 395 cordis
1212 358 1446 398 constituunt.

382 417 424 454 In
462 415 666 454 ventriculo
684 445 693 459 ,
730 429 840 465 quem
869 416 985 465 vulgo
1012 417 1177 454 dextrum
1201 426 1359 462 vocant,
1416 420 1491 458 duo
1519 421 1600 460 sunt
1628 423 1731 462 strata
1763 425 1849 475 (t)
1884 426 1925 464 fi-

322 477 468 513 brarum
486 504 496 518 ‚
546 475 714 513 musculis
746 475 975 526 papillaribus
1008 477 1355 516 circumvolutarum
1384 492 1391 516 :
1442 480 1473 517 A
1511 490 1612 531 parte
1657 496 1790 534 nempe
1836 485 1926 524 infe-

321 537 411 574 riori
431 534 519 584 septi
543 534 664 572 cordis
682 534 779 573 fibrae
809 535 904 573 strati
939 538 1078 573 externi
1106 536 1255 586 oblique
1285 538 1404 577 versus
1431 552 1650 580 mucronem
1679 544 1922 589 descendunt,

321 595 517 644 adtingunt
550 597 744 632 incurvatae
772 594 900 633 faciem
926 595 1047 634 cordis
1078 607 1282 635 convexam
1303 597 1552 648 superiorem,
1603 602 1640 639 ὃς
1671 605 1710 641 in
1745 617 1806 643 ora
1837 604 1925 656 septi

322 655 443 693 cordis
475 656 722 692 terminantur.

380 714 545 752 Alterum
571 714 700 752 harum
731 712 902 752 fibrarum
930 714 1078 752 stratum
1102 713 1189 766 (u)
1216 716 1365 766 oblique
1397 717 1605 763 adscendit,
1639 722 1757 762 versus
1799 723 1925 769 basin,

322 785 519 824 earumque
541 773 667 823 aliquae
695 774 733 810 in
764 772 948 823 superficie
973 774 1164 812 ventriculi
1194 776 1435 820 evanescunt,
1467 780 1579 828 inque
1603 780 1716 825 linea,
1751 795 1831 833 quae
1851 783 1926 822 dia-

320 833 463 883 gonalis
484 833 578 881 (x)
598 835 750 871 nomine
770 833 881 882 digna
897 862 906 876 ‚
942 845 961 870 a
981 845 1159 872 mucrone
1183 836 1227 873 ad
1247 836 1436 875 dimidiam
1460 845 1597 887 partem
1624 840 1746 879 baseos
1774 854 1927 892 progre-

320 894 420 931 ditur
439 893 532 941 (y).
570 892 625 930 Ab
654 894 824 930 extremis
852 893 982 931 harum
1009 892 1180 933 fibrarum
1206 894 1339 934 finibus
1376 897 1569 936 nascuntur
1594 899 1693 944 aliae,
1728 913 1809 951 quae
1833 902 1927 941 obli-

321 964 394 1003 que
413 965 433 990 a
455 951 525 990 basi
541 981 551 995 ,
586 953 623 989 &
643 965 662 990 a
680 952 850 990 lateribus
866 981 876 996 ,
912 952 1019 1000 hujus
1051 953 1153 991 lineae
1169 982 1179 997 ,
1213 967 1323 1004 quam
1348 957 1464 995 niodo
1487 957 1717 1007 diagonalem
1741 961 1923 1007 diximus,

321 1011 491 1051 deorsum
511 1013 668 1049 incurvae
688 1012 864 1056 tendunt,
895 1012 931 1048 &
952 1013 988 1049 in
1010 1012 1156 1050 alteram
1175 1013 1308 1052 lineam
1330 1015 1560 1065 diagonalem
1582 1018 1637 1067 (z
1646 1021 1663 1069 )
1683 1021 1898 1060 evanescunt
1913 1050 1924 1066 ,

320 1084 341 1110 a
365 1084 436 1122 qua
456 1070 530 1108 aliae
557 1070 654 1109 fibrae
676 1071 868 1109 nascuntur
883 1099 892 1113 ,
923 1083 1024 1121 quae,
1060 1074 1175 1122 magis
1201 1073 1245 1112 ad
1269 1087 1489 1114 mucronem
1511 1077 1709 1122 inclinatae,
1724 1080 1728 1084 ”
1746 1080 1790 1119 ad
1818 1083 1927 1119 unIo-

321 1143 408 1169 nem
438 1130 598 1169 duorum
622 1130 911 1169 ventriculorum
941 1132 981 1168 in
1011 1130 1100 1169 facie
1128 1131 1328 1182 superiori,
1366 1136 1403 1174 &
1429 1136 1474 1174 ad
1500 1138 1575 1185 ejus
1608 1139 1751 1177 visceris
1784 1142 1925 1192 apicem

320 1191 486 1229 tendunt.
519 1189 608 1229 Haec
627 1192 751 1228 omnia
781 1191 855 1229 hoc
882 1190 998 1228 modo
1029 1192 1067 1228 iu
1094 1191 1206 1230 corde
1233 1201 1333 1232 certo
1359 1195 1542 1246 adparent.

384 1251 526 1301 Septum
558 1250 672 1287 cordis
704 1249 803 1303 [ct]
832 1249 872 1287 fit
900 1262 946 1288 ex
970 1248 1068 1288 fibris
1099 1250 1218 1289 dextri
1244 1252 1389 1292 thalami
1410 1282 1419 1297 ,
1454 1256 1491 1292 ὃς
1522 1267 1568 1293 ex
1598 1256 1724 1295 sinistri
1744 1260 1926 1300 ventricu-

321 1310 348 1348 li
379 1309 497 1347 fibris:
531 1310 557 1346 ii
590 1311 687 1347 enim
719 1309 909 1347 ventriculi
939 1308 1041 1347 dorsa
1066 1322 1231 1349 convexa
1260 1311 1323 1349 fibi
1353 1321 1578 1363 opponunt,
1612 1317 1648 1353 &
1682 1319 1720 1355 in
1752 1330 1797 1356 eo
1824 1319 1925 1369 septo

319 1369 505 1419 utriusque
522 1369 714 1407 ventriculi
738 1369 835 1406 fibrae
850 1370 1036 1407 uniuntur.
1072 1369 1235 1419 Aliquae,
1267 1372 1476 1424 eaedemque
1493 1376 1710 1420 exteriores,
1761 1386 1848 1417 ortae
1879 1379 1925 1417 ab

321 1430 493 1468 extremis
514 1428 682 1467 musculis
703 1426 932 1478 papillaribus
952 1429 1144 1468 ventriculi
1166 1429 1283 1468 dextri
1300 1460 1310 1474 ,
1346 1432 1529 1471 transeunt
1549 1433 1654 1485 super
1680 1437 1924 1477 ventriculum

321 1488 500 1526 sinistrum
533 1487 625 1537 [h].
670 1487 757 1527 Aliae
784 1500 803 1525 a
829 1488 919 1526 facie
954 1488 1072 1526 dextri
1101 1490 1315 1534 ventriculi,
1348 1504 1428 1542 quae
1458 1491 1595 1533 sinistro
1626 1496 1850 1546 obponitur,
1883 1510 1925 1535 o-

320 1549 477 1597 riginem
500 1547 663 1590 ducunt,
703 1549 739 1585 &
767 1547 830 1586 sub
851 1549 1034 1598 prioribus
1063 1547 1097 1586 se
1127 1550 1165 1586 in
1191 1557 1334 1589 textum
1359 1553 1552 1592 ventriculi
1572 1553 1698 1593 finistri
1719 1557 1919 1596 inmittunt.

321 1607 408 1646 Hoc
429 1607 545 1645 modo
565 1607 756 1645 ventriculi
776 1609 814 1645 in
840 1607 929 1645 facie
954 1608 1103 1657 quidem
1139 1621 1304 1648 convexa
1336 1613 1525 1651 uniuntur.

382 1667 426 1705 In
448 1667 537 1705 facie
569 1679 657 1705 vero
682 1667 787 1716 plana
811 1665 905 1719 [c]
931 1666 1028 1706 fibrae
1057 1668 1215 1719 obliquae
1248 1682 1268 1708 a
1292 1670 1422 1710 dextro
1451 1674 1656 1712 ventriculo
1682 1676 1721 1713 in
1745 1675 1925 1716 finistrum

321 1727 528 1770 transeunt,
564 1726 627 1765 sub
652 1727 892 1765 exterioribus
912 1726 1032 1771 fibris,
1065 1729 1102 1766 &
1124 1729 1289 1781 'oblique
1315 1731 1433 1770 versus
1461 1731 1558 1771 bafin
1584 1734 1814 1774 adscendunt.
1848 1734 1924 1773 De-

323 1786 409 1824 inde
438 1785 535 1824 fibrae
569 1796 726 1824 externae
752 1786 879 1823 sinistri
907 1787 1099 1825 ventriculi
1126 1788 1230 1839 super
1260 1802 1362 1829 oram
1390 1791 1535 1832 thalami
1567 1793 1685 1834 dextri
1711 1794 1925 1845 producun-

321 1852 406 1888 tur,
438 1852 546 1895 atque
576 1846 624 1882 ita
655 1844 730 1883 duo
755 1844 901 1882 thalami
928 1847 1113 1883 uniuntur.

381 1904 516 1943 Versus
531 1903 628 1942 bassn
643 1904 792 1943 demum
813 1903 933 1942 cordis
960 1904 1036 1942 duo
1051 1905 1196 1943 thalami
1217 1919 1280 1957 per
1299 1908 1403 1947 fibras
1424 1910 1602 1950 uniuntur
1619 1940 1628 1955 ,
1663 1924 1742 1962 quae
1755 1925 1773 1950 a
1793 1911 1923 1952 dextro

322 1967 362 2003 in
385 1963 564 2002 finistrum
580 1963 783 2006 transeunt,
815 1970 856 2002 ut
879 1963 978 2001 fibrae
996 1963 1083 2014 septi
1104 1965 1223 2003 cordis
1253 1967 1387 2006 dextrae
1416 1980 1500 2007 cum
1528 1969 1671 2010 sinistris
1696 1972 1920 2012 misceantur.

382 2024 440 2062 Ad
467 2036 685 2063 mucronem
708 2023 805 2061 fibrae
836 2023 971 2061 dextrae
987 2052 996 2067 ‚
1032 2031 1128 2062 certe
1155 2025 1281 2076 aliquae
1299 2056 1308 2070 ,
1342 2030 1380 2066 in
1406 2030 1598 2068 ventriculi
1629 2031 1754 2069 sinistri
1779 2044 1924 2070 caveam

322 2084 499 2128 subeunt,
534 2083 670 2121 stellam
692 2090 813 2121 tamen
837 2082 974 2122 nullam
995 2081 1156 2123 efficiunt
1180 2087 1256 2135 ejus
1280 2086 1451 2131 similem,
1483 2100 1562 2141 quae
1580 2091 1617 2128 in
1637 2103 1815 2136 mucrone
1837 2091 1925 2129 dex-

323 2146 369 2181 tri
398 2143 588 2182 ventriculi
615 2142 705 2181 dieta
732 2143 790 2181 est.

365 2258 379 2294 (
401 2260 458 2297 τ’)
481 2258 577 2289 Pinxit
600 2258 739 2296 ejusmodi
753 2259 860 2290 stellam
883 2259 917 2290 T.
947 2259 1100 2292 Bmerno-
1192 2260 1270 2300 (y)
1295 2271 1322 2299 p.
1345 2272 1413 2294 201.

324 2310 423 2331 ιιΝυς
451 2306 531 2329 anat.
554 2306 619 2330 tert.
641 2307 768 2331 renovat.
798 2311 826 2338 p.
856 2304 922 2338 361.
1190 2302 1239 2338 (2
1256 2304 1269 2340 )
1288 2302 1361 2335 Ibid.
1385 2305 1419 2336 D.
1439 2305 1475 2337 D.

370 2342 412 2386 (p
436 2340 449 2378 )
471 2350 500 2379 p.
524 2351 594 2372 200.
608 2351 637 2370 n.
660 2350 706 2378 ¹3·
721 2342 749 2372 ἃ
770 2341 806 2372 ad
818 2344 878 2372 tab.
902 2352 928 2379 7.
953 2341 972 2372 f.
998 2351 1022 2381 3.
1038 2345 1096 2375 tab.
1190 2344 1270 2381 (a)
1292 2354 1319 2382 p.
1341 2355 1410 2378 202.
1432 2357 1460 2380 n.
1491 2356 1541 2386 ¹4·
1561 2349 1623 2381 tab.
1645 2353 1673 2384 8.
1696 2347 1714 2378 f.
1742 2351 1771 2382 6.

322 2387 354 2418 Β.
382 2382 402 2411 t.
431 2392 455 2412 1.
475 2392 502 2411 a.
522 2392 548 2411 a.
580 2388 722 2419 quantum
742 2392 796 2420 ego
822 2382 938 2422 quidem
961 2384 1054 2416 video.
1189 2385 1206 2420 (
1223 2385 1270 2422 h)
1292 2395 1318 2422 p.
1349 2396 1416 2428 ²03»-

364 2422 539 2460 (u)Tab.
567 2422 729 2461 7.f.3.&
756 2433 785 2459 4.
1192 2426 1365 2465 (c)1bid.

363 2462 541 2503 (x)Tab.
567 2472 595 2502 7.
620 2463 640 2495 f.
669 2472 694 2502 ς.
719 2463 802 2496 B.B.
