2003 2748
311 146 391 182 374
842 132 1144 173 LIBIV.
1211 133 1388 174 COR.

306 232 405 268 riam*
428 228 676 279 pulmonalem
716 228 752 266 &
778 241 901 267 aurem
929 228 1101 268 sinistram
1119 260 1127 274 ,
1169 232 1205 269 &
1235 242 1280 269 ex
1307 231 1407 270 brevi
1433 237 1565 270 trunco
1594 236 1773 274 continuo
1796 237 1914 282 duos,

309 292 348 328 &
373 300 641 338 nonnunquam
664 296 734 326 tres
766 291 969 339 praecipuos
992 302 1112 329 ramos
1135 291 1218 329 edit.
1267 289 1406 331 Eorum
1438 293 1539 342 prior
1555 321 1564 336 ,
1607 296 1767 332 anterior
1796 296 1916 344 (z),

308 351 488 388 continuo
506 361 568 398 per
594 348 732 387 sulcum
747 377 756 391 ,
779 351 840 399 qui
861 349 960 400 septo
984 351 1104 388 cordis
1130 352 1279 389 interius
1301 351 1426 389 latenti
1449 352 1667 402 respondet,
1700 366 1764 404 per
1786 355 1917 394 faciem

309 409 429 447 cordis
455 420 680 451 convexam,
710 409 870 448 ramosus
894 411 972 458 (a)
992 411 1027 447 &
1053 409 1234 449 flexuosus
1251 411 1294 448 ad
1319 424 1535 450 mucronem
1564 413 1767 457 descendit,
1801 416 1919 454 idem-

309 481 380 518 que
411 480 704 518 nonnunquam,
751 476 791 507 ut
822 469 938 507 modo
969 472 1072 519 tetigi
1103 470 1158 518 (b
1176 471 1196 519 >
1216 500 1225 514 ,
1269 478 1364 509 trans
1393 484 1636 515 mucronem,
1675 486 1740 523 per
1762 475 1917 514 vallecu·

308 528 379 566 lam
403 529 451 565 ibi
482 528 692 577 descriptam
708 558 717 572 ‚
748 531 785 566 in
809 530 958 579 planum
978 530 1126 568 inferius
1148 532 1384 570 continuatur
1418 532 1437 580 (
1457 533 1509 581 c)
1527 561 1536 575 ,
1580 533 1614 570 ἅ
1633 533 1782 572 demum
1800 535 1920 573 obviae

309 590 508 628 coronariae
533 589 667 626 dextrae
689 591 889 627 contrariu<
907 591 1066 627 occurrit
1085 591 1121 628 ὃς
1144 590 1372 629 inosculatur.
1844 617 1851 619 „

370 647 489 696 Hujus
515 650 726 697 propaginis
750 649 910 688 surculus
929 662 974 687 ex
994 651 1119 699 primis
1147 651 1189 688 ad
1215 658 1322 688 aortae
1339 652 1566 690 membranas
1588 652 1678 701 (d)
1707 655 1742 692 ἃ
1767 655 1810 692 ad
1835 655 1917 705 pul-

309 710 431 746 monis
455 709 618 746 arteriam
648 709 666 756 (
687 710 737 756 e)
768 711 866 747 venit
885 738 893 752 ,
927 716 1023 747 trans
1042 722 1120 747 eam
1143 723 1228 748 cum
1246 710 1380 748 dextrae
1397 713 1531 749 arteriae
1546 741 1555 754 ,
1597 724 1690 761 quos
1714 714 1809 758 dixi,
1842 715 1916 753 sur-

312 769 402 807 culis
425 768 644 807 inosculatus
661 797 669 811 ,
700 768 838 818 duplici
855 767 998 819 potiuss,
1031 782 1139 819 quam
1163 769 1314 820 simplici
1339 771 1562 809 anastomofi.
1594 770 1665 809 Eos
1687 773 1731 809 ad
1752 776 1917 812 arteriam

310 828 562 878 pulmonalem
592 828 814 867 ramusculos
840 829 904 866 alia
926 829 1032 867 altera
1050 842 1181 879 magna
1201 829 1343 868 finistrae
1368 832 1502 869 arteriae
1522 843 1689 881 propago
1720 831 1800 881 (f)
1818 833 1913 877 edit,

310 901 419 937 quam
437 890 617 926 continuo
632 888 803 927 dicemus.
832 888 946 927 Iidem
968 902 1051 927 cum
1067 891 1330 939 propaginibus
1351 891 1570 929 bronchialis
1583 893 1717 929 arteriae
1739 893 1776 930 in
1792 895 1918 931 arteria

310 948 514 997 pulmonali
535 947 790 987 inosculantur.
828 948 971 999 Reliqui
993 949 1149 987 umerosi
1170 952 1258 987 rami
1286 950 1358 987 fere
1380 951 1624 989 ventriculum
1650 950 1828 990 sinistrum
1850 966 1918 992 nu-

311 1007 535 1045 merosiffimi
565 1007 698 1045 adeunt
731 1009 823 1056 (g).

369 1068 468 1105 Alter
499 1069 667 1117 princeps
688 1096 696 1110 ,
738 1067 1003 1114 circumflexus,
1043 1080 1163 1107 ramus
1193 1068 1335 1107 sinistrae
1361 1072 1560 1109 coronariae
1590 1083 1653 1120 per
1680 1071 1915 1117 valleculam,

310 1139 389 1176 quae
410 1128 502 1164 inter
526 1126 704 1165 sinistrum
727 1126 843 1165 finum
863 1156 874 1173 ,
917 1128 953 1165 ἃ
974 1129 1049 1175 ejus
1071 1128 1188 1166 lateris
1215 1130 1459 1168 ventriculum
1489 1131 1536 1168 est
1556 1159 1564 1173 ,
1602 1130 1720 1169 versus
1746 1132 1920 1171 obtusum

307 1189 512 1235 marginem
535 1179 673 1230 tendit,
710 1188 802 1224 circa
825 1200 908 1226 eum
936 1190 1140 1236 marginem
1167 1188 1391 1227 conflectitur
1418 1192 1546 1238 (43⁴⁶),
1584 1192 1682 1228 venit
1704 1193 1740 1228 in
1767 1192 1918 1240 planum

308 1246 456 1284 inferius
475 1275 483 1289 ,
525 1248 558 1283 ἃ
587 1247 803 1296 plerumque
832 1248 1009 1296 posterius
1026 1275 1034 1289 ‚
1077 1260 1185 1297 quam
1211 1249 1350 1297 septum
1374 1250 1516 1290 cordis,
1547 1249 1591 1286 ad
1613 1249 1767 1300 aliquam
1799 1264 1817 1288 a
1844 1251 1919 1289 fine

308 1308 428 1344 trunci
459 1307 640 1344 coronarii
669 1306 785 1343 dextri
815 1307 1015 1344 distantiam
1034 1335 1043 1349 ,
1079 1308 1114 1343 in
1144 1319 1286 1344 carnem
1314 1309 1505 1346 ventriculi
1532 1307 1658 1345 sinistri
1690 1310 1809 1348 versus
1835 1322 1920 1348 mu·

309 1379 461 1404 cronem
490 1365 651 1403 deflexus
675 1365 797 1404 finitur
827 1367 925 1413 (h).
963 1366 1092 1404 Rarior
1115 1367 1245 1404 fabrica
1271 1368 1345 1410 est,
1387 1367 1446 1405 etsi
1471 1368 1601 1405 summi
1632 1370 1698 1405 viri
1725 1369 1807 1417 (i)
1838 1382 1920 1407 eam

307 1428 346 1464 in
368 1429 492 1464 icones
515 1433 753 1474 receperunt,
787 1426 935 1475 quando
951 1425 1010 1463 hic
1031 1438 1149 1464 ramus
1166 1426 1208 1463 ad
1237 1439 1363 1464 venam
1388 1427 1507 1464 cordis
1528 1427 1684 1465 mediam
1704 1428 1815 1479 usque
1832 1441 1920 1479 pro-

308 1488 453 1525 ducitur
473 1515 481 1527 ,
520 1487 551 1522 8<
581 1497 665 1523 cum
687 1498 724 1522 ea
747 1485 865 1523 versus
891 1498 1109 1524 mucronem
1141 1486 1261 1524 cordis
1290 1486 1483 1524 descendit.

368 1545 488 1593 Hujus
510 1547 597 1582 rami
625 1545 788 1595 plerique
809 1547 940 1583 iterum
966 1545 1097 1584 surculi
1128 1545 1279 1585 flexuosi
1307 1547 1343 1583 in
1376 1559 1521 1585 carnem
1548 1546 1667 1584 cordis
1694 1546 1819 1585 finistri
1847 1548 1920 1586 de-

306 1605 483 1643 scendunt
506 1618 512 1642 :
553 1605 611 1642 alii
634 1618 719 1642 vero
734 1634 743 1648 ,
775 1604 978 1648 numerosi,
1014 1604 1149 1643 sursum
1171 1607 1209 1643 in
1236 1618 1359 1644 aurem
1391 1607 1410 1655 (
1429 1607 1486 1655 k)
1513 1606 1702 1656 sinumque
1725 1607 1849 1645 sinistri
1870 1609 1921 1646 la-

307 1669 390 1702 teris
421 1667 581 1703 veniunt.
629 1664 707 1711 Qui
737 1664 853 1704 finum
885 1665 1040 1708 adeunt,
1080 1667 1118 1702 in
1149 1678 1193 1704 eo
1223 1665 1300 1703 finu
1333 1678 1417 1704 cum
1449 1668 1555 1703 ramis
1582 1668 1715 1703 arteriae
1747 1667 1883 1704 dextrae
1903 1696 1914 1711 ,

308 1726 377 1772 iam
397 1724 663 1775 dictis,linque
690 1727 789 1762 venis
815 1725 1089 1775 pulmonalibus
1117 1723 1259 1762 sinistris
1285 1738 1371 1763 cum
1398 1725 1545 1764 surculis
1570 1725 1836 1764 bronchialium
1864 1739 1921 1763 ar-

1814 1787 1920 1822 teria-

350 1892 359 1925 (
381 1902 398 1921 2
419 1892 432 1928 )
455 1890 558 1920 Artere
584 1891 730 1918 coromire
753 1891 913 1919 anterieure
935 1888 1011 1919 vm
1027 1899 1119 1920 ussi:
1136 1900 1175 1921 ns
1199 1890 1277 1920 conf.
1305 1891 1351 1920 W
1369 1900 1435 1920 ius
1450 1902 1466 1919 L
1481 1900 1535 1920 ow
1566 1889 1582 1919 l.
1610 1900 1626 1920 c
1665 1900 1691 1920 n.
1726 1900 1772 1927 72>

350 1932 696 1967 (113VisussriNs
725 1932 780 1960 mh.
817 1942 841 1967 5.
870 1930 888 1960 f.
919 1942 938 1962 ι.
963 1941 983 1960 e.
1013 1941 1034 1960 e.
1070 1933 1127 1960 tid).
1154 1935 1179 1961 6.
1207 1932 1224 1961 f.
1264 1941 1287 1961 ι.
1318 1941 1341 1968 3.
1372 1931 1516 1961 Str-inc
1545 1932 1603 1961 tub.
1630 1941 1654 1959 ι.
1680 1942 1705 1969 g.
1741 1932 1768 1962 h.
1798 1933 1849 1962 tab
1887 1941 1916 1971 3,

358 1975 420 2004 1.d
453 1974 472 2001 d
505 1973 524 2002 i.
551 1973 567 2000 i,

309 1974 324 2002 f
450 2015 524 2044 Nam
550 2012 703 2050 aliqnando
722 2023 816 2043 ramus
845 2012 952 2042 dextrae
981 2014 1071 2049 mair
1103 2012 1160 2048 est,
1189 2012 1236 2050 qui
1261 2012 1335 2042 circa
1366 2021 1535 2042 mucronem
1559 2011 1698 2043 circumit.

455 2056 474 2085 R
492 2063 622 2083 UYscii
652 2052 729 2092 Tlvrs
756 2056 839 2084 Amet
874 2053 926 2084 lv,
949 2053 966 2083 l.
1002 2064 1025 2083 c.
1053 2054 1097 2084 St
1116 2063 1202 2083 Nnc
1229 2053 1246 2084 l.
1273 2064 1297 2084 c.

457 2096 689 2124 Visussffls
714 2106 732 2133 p
773 2100 819 2131 ⁶4·

454 2137 595 2167 SFNAC
626 2137 679 2165 tribu
716 2146 736 2165 ι.

456 2177 781 2206 Vinussamstah.
807 2181 832 2207 6.
862 2177 880 2206 f.
918 2186 944 2206 2.
1277 2182 1279 2185 '

453 2219 474 2248 R
494 2227 634 2247 nissen
664 2218 748 2256 Epist.
773 2218 825 2248 lli.
855 2219 910 2248 tab.
939 2227 962 2257 3.
992 2217 1013 2249 f.
1048 2227 1070 2248 ι.
1100 2216 1179 2257 Thefi
1212 2218 1302 2249 Anat.
1324 2218 1373 2250 IV.
1408 2219 1462 2250 tab,
1500 2227 1524 2258 3.
1552 2218 1571 2248 f,
1604 2226 1631 2250 2.
1659 2215 1917 2251 Visussnns

349 2272 359 2286 x
380 2231 396 2256 g
502 2268 525 2287 1.
557 2269 581 2292 4.
613 2268 639 2293 4.

352 2311 359 2332 l
379 2312 395 2338 g
434 2308 442 2335 )
466 2298 549 2330 Conf.
570 2306 624 2328 art.
639 2301 900 2338 cri³⁴011c1i2·egnztclie
924 2301 1080 2331 Vissvss
1097 2312 1112 2330 r
1127 2311 1171 2332 Ns
1186 2302 1243 2330 tab.
1267 2312 1288 2338 ς,
1307 2301 1324 2330 f.
1344 2311 1366 2330 1.
1388 2311 1410 2333 c.
1428 2303 1481 2332 δίο.
1508 2302 1526 2333 S
1540 2312 1552 2331 s
1569 2311 1624 2332 NA
1639 2311 1656 2332 c
1684 2303 1742 2332 tab.
1756 2311 1781 2332 2.
1806 2312 1831 2333 a.
1847 2312 1873 2333 a.
1887 2312 1917 2332 a-

352 2342 430 2375 ([ιῆ
454 2342 597 2370 Sruac
626 2343 682 2370 culs.
717 2351 739 2377 3.
770 2342 785 2371 f
816 2351 841 2371 ἱ.

353 2383 363 2416 (
388 2384 397 2410 i
421 2386 431 2417 )
455 2382 750 2411 Eus’racmus
773 2384 830 2412 trib.
862 2387 905 2413 16.
937 2383 956 2413 f.
982 2392 1006 2413 2.
1025 2384 1169 2415 Saxae
1188 2386 1244 2414 tab.
1273 2393 1296 2413 1.
1320 2384 1422 2414 &tuln
1448 2394 1473 2414 2.
1495 2385 1513 2414 i.
1535 2386 1554 2415 i.
1575 2385 1595 2414 i.
1620 2385 1638 2414 i.
1666 2383 1932 2416 visvssnns·

312 2424 370 2456 mlv,
400 2434 422 2456 ς,
448 2424 464 2452 s
497 2433 519 2451 z.
544 2422 569 2449 ιί,
592 2424 611 2450 d
643 2428 655 2451 t
676 2424 700 2451 h.
727 2428 753 2451 6.
778 2424 791 2452 f
818 2432 841 2453 ι.
873 2427 903 2453 C.
930 2434 952 2452 r.

360 2464 438 2503 [lc]
463 2464 635 2494 Ruxscu
666 2462 745 2502 Esfi.
775 2465 862 2495 Anaf.
889 2462 941 2495 111.
970 2467 1027 2497 tab.
1053 2475 1076 2506 3.
1100 2466 1353 2502 Visusszus
1375 2468 1431 2498 mh.
1462 2471 1488 2499 6.
1512 2467 1531 2498 f.
1569 2478 1596 2498 2.
