2003 2748
264 140 345 177 504
820 118 1144 163 LIB.IV.
1212 120 1388 165 COR.

255 226 375 266 nervis
403 222 541 266 inc-ism,
579 222 616 259 δι,
650 220 832 259 destrueris
856 220 875 267 ζ
896 219 948 269 t)
977 232 1053 259 non
1085 223 1264 260 continuo
1297 235 1361 261 cor
1391 222 1592 273 quiescere,
1631 226 1666 264 ὃ(
1697 223 1870 279 aliquam?

254 288 318 326 diu
339 288 455 336 capite
477 283 595 320 ablato
613 282 632 330 (
649 294 672 318 u
687 283 723 327 )‚
759 289 819 319 aut
834 281 996 319 evulsum
1017 282 1066 318 (x
1081 282 1229 332 >pulsus
1251 282 1332 320 suos
1354 286 1567 324 continuare
1593 287 1771 327 ostensum
1790 291 1861 329 est:

252 351 291 386 in
321 342 510 395 hypothefi
539 353 626 379 vero
653 341 679 379 P
696 353 1025 378 RAECEI’TORIS
1055 349 1222 391 oportet,
1260 343 1329 381 istu
1361 344 1459 383 oculi
1489 347 1593 384 citius
1620 349 1863 398 conpreffioni

252 417 450 446 nervorum
476 403 723 441 cardiacorum
748 401 868 439 cordis
891 400 1080 439 succedere
1108 402 1386 441 exsolutionem.
1421 405 1577 449 Iterum,
1613 409 1779 451 auriculae
1800 423 1862 460 pe-

251 467 355 504 rinde
383 465 523 502 alterno
541 470 667 504 motu,
704 462 740 498 ἃ
765 462 898 498 alterna
928 462 1049 511 quiete
1071 470 1270 511 reguntur,
1307 475 1460 512 quarum
1487 469 1609 509 nervi,
1645 475 1685 506 ut
1716 472 1862 518 conpri-

251 528 302 564 mi
328 524 484 575 possint,
521 534 599 560 non
633 521 773 559 dicitur.
811 520 855 559 Et
877 522 912 558 in
943 521 1096 570 piscibus
1120 522 1330 572 frigidisque
1355 526 1589 569 animalibus,
1625 528 1757 576 quibus
1784 531 1862 567 uni-

249 599 288 625 ca
311 587 436 623 arteria
458 583 507 620 est
521 612 530 626 ,
553 594 672 631 neque
696 581 788 618 adeo
808 582 931 618 nervei
947 583 1065 618 trunci
1082 582 1232 631 perinde
1248 582 1451 626 eliduntur,
1478 593 1598 623 tamen
1615 587 1757 626 alternae
1780 601 1861 628 cor-

249 647 304 684 dis
337 647 432 683 vices
460 644 535 693 pari
565 642 763 679 constantia
797 639 861 678 fibi
889 640 1095 678 succedunt.
1144 641 1271 688 Quare
1297 645 1452 682 omnino
1483 657 1501 682 a
1535 645 1653 684 subtili
1689 657 1859 688 caeterum

248 703 440 756 hypothesi
460 703 602 741 videtur
624 701 913 752 temperandum.
943 700 978 738 Si
1000 700 1117 750 placet
1135 710 1368 750 argumenta,
1403 703 1573 754 pleraque
1586 707 1760 756 equidem
1780 708 1862 747 nos-

250 774 392 805 trorum
411 763 556 805 fimilia,
590 760 698 800 fufius
718 759 900 811 propofita
917 760 1062 810 legere,
1099 760 1184 799 clari
1202 761 1307 806 sunt,
1342 775 1435 813 quos
1452 764 1634 808 consulas,
1670 768 1737 804 viri
1768 769 1818 815 (y
1830 768 1858 815 ),

308 825 404 864 Cum
420 824 550 873 absque
563 823 680 859 nervis
693 822 748 870 (z
759 821 790 869 ),
812 821 847 858 &
860 819 990 869 absque
1002 820 1175 870 sanguine
1187 821 1358 861 arterioso
1372 825 1446 873 (a),
1464 837 1542 862 non
1554 837 1682 869 unum,
1697 826 1755 864 sed
1767 827 1862 865 mul-

248 893 305 924 tos
325 885 444 935 pulsus
460 896 523 921 cor
544 881 723 932 perficiat,
757 892 833 918 non
852 880 970 929 potest
990 881 1065 928 ejus
1082 890 1142 919 aut
1159 891 1281 920 motus
1294 911 1304 925 ,
1339 890 1400 921 aut
1416 886 1517 933 quies
1533 897 1551 923 a
1565 897 1700 925 nerveo
1715 894 1864 935 comae-7

247 955 308 990 tu,
344 952 405 984 aut
435 957 453 982 a
485 943 713 992 sanguineo,
749 946 809 978 aut
839 939 932 978 nasci
964 942 1165 985 continuo,
1202 949 1262 981 aut
1288 945 1457 994 opprimi.

378 1059 411 1101 §-
448 1054 490 1093 X
505 1052 557 1092 X.
624 1051 712 1103 Quae
730 1052 853 1089 verior
878 1051 1095 1099 phaenomeni
1109 1051 1222 1102 causa.
1261 1052 1407 1092 Stimuli
1421 1055 1491 1093 iter
1509 1054 1554 1099 ἐξ
1562 1055 1729 1106 succeffio.

307 1166 344 1205 Si
366 1162 583 1216 hypotheses
615 1174 684 1200 nos
714 1160 954 1204 deseruerint,
983 1173 1060 1199 non
1095 1163 1164 1206 est,
1202 1163 1304 1213 quod
1336 1164 1439 1202 valde
1468 1177 1688 1215 queramur,
1722 1165 1861 1207 summa

246 1228 346 1265 enim
372 1226 430 1263 hic
458 1223 662 1273 fimplicitas
695 1222 753 1259 est.
791 1221 938 1270 Nempe
960 1221 1036 1259 vasa
1054 1221 1267 1271 sanguinea,
1303 1224 1467 1263 arteriosa
1497 1227 1534 1263 &
1552 1226 1701 1269 venosa,
1735 1239 1799 1276 per
1821 1239 1860 1266 ea

245 1299 326 1338 quae
355 1285 515 1336 superius
547 1282 792 1324 ostendimus,
827 1280 1000 1329 sanguine
1030 1282 1235 1320 constanter
1262 1282 1370 1332 plena
1398 1283 1479 1322 sunt
1504 1284 1607 1334 (h).
1643 1285 1734 1332 Quo
1768 1293 1860 1324 tem.

246 1359 338 1397 pore
369 1357 460 1394 ergo
488 1342 646 1382 auricula
673 1342 798 1379 dextra
825 1341 1005 1378 contracta
1027 1342 1139 1390 riget,
1176 1354 1220 1380 eo
1248 1344 1319 1390 jam
1342 1343 1470 1392 praesto
1493 1344 1543 1382 est
1567 1346 1604 1382 in
1627 1352 1779 1395 utraque
1799 1358 1860 1384 ve-

245 1419 291 1444 na
320 1418 406 1445 cava
435 1404 615 1452 sanguinis
640 1401 757 1444 unda,
795 1412 874 1449 quae
900 1408 1078 1450 perpetuo
1109 1401 1381 1451 asubsequente
1407 1402 1588 1452 sanguinis
1617 1404 1738 1443 venOfi
1757 1406 1859 1444 rede-

245 1467 340 1504 untis
367 1465 517 1504 flumine
548 1462 647 1501 aurfta
680 1460 863 1503 increscit,
901 1460 988 1498 dum
1014 1462 1107 1499 auris
1128 1462 1164 1498 in
1188 1462 1328 1500 astione
1355 1462 1414 1500 sua
1443 1464 1569 1502 arstata
1598 1464 1741 1508 resistit,
1776 1466 1880 1504 licet'

246 1529 344 1564 enirn
377 1526 486 1563 breve
511 1521 776 1572 tempusculum
805 1522 954 1557 rationis
980 1519 1071 1568 jussu
1089 1521 1294 1559 extendere.
1332 1521 1620 1573 Quamprimum
1649 1524 1778 1563 eadem
1798 1537 1860 1564 au,-

244 1586 357 1625 ricula
383 1584 671 1623 contrastionem
698 1581 796 1619 suam
831 1579 1003 1624 absolvit,
1040 1581 1077 1619 ὃς
1105 1583 1209 1619 omni
1240 1581 1412 1631 sauguine
1429 1581 1462 1621 se
1476 1583 1664 1628 liberavit,
1695 1592 1805 1629 tunc,
1840 1597 1859 1623 a

243 1646 390 1685 stimulo
430 1646 557 1694 utique
578 1641 732 1685 deserta,
769 1640 847 1678 laxa
876 1640 1034 1690 quiescit.
1069 1639 1169 1690 Ergo
1200 1653 1246 1679 ex
1267 1654 1355 1680 vena
1384 1654 1468 1681 cava
1494 1651 1668 1695 utraque,
1707 1646 1741 1683 vi
1767 1644 1860 1683 ruus-

242 1704 364 1744 culosa
391 1717 491 1743 venae
512 1706 529 1752 (
546 1713 563 1740 c
580 1703 599 1752 )
617 1730 626 1746 ,
657 1700 759 1745 ,unda
779 1700 960 1749 sanguinis
991 1702 1027 1738 in
1050 1701 1253 1740 auriculam
1282 1703 1488 1752 inpellitur3
1521 1717 1599 1742 non
1618 1706 1657 1742 in
1677 1707 1859 1743 ventricu-

244 1765 342 1809 lum,
379 1766 441 1814 qui
475 1776 519 1801 eo
554 1763 719 1812 inprimis
755 1768 923 1811 tempore
955 1761 1182 1805 contrarius,
1218 1762 1450 1814 claususque,
1486 1764 1669 1814 sanguinis
1701 1764 1753 1803 sui
1781 1776 1860 1814 par-

242 1833 342 1869 tem,
371 1823 504 1861 deinde
536 1822 688 1860 anulum
712 1820 836 1858 venofi
865 1822 946 1858 ostii
979 1822 1096 1860 versus
1122 1823 1320 1860 auriculam
1348 1826 1489 1871 rejicit,
1524 1831 1633 1873 atque
1666 1824 1757 1862 adeo
1784 1823 1860 1860 san-

242 1888 395 1934 guinem
426 1884 469 1922 ab
504 1880 667 1921 auricula
695 1880 937 1918 adventurum
964 1882 1000 1918 vi
1025 1880 1169 1919 suarum
1194 1883 1358 1920 carnium
1372 1882 1514 1932 repellit
1536 1882 1645 1933 (d),
1679 1895 1749 1933 qua
1773 1894 1860 1932 pro-

1784 1941 1860 1981 cul-

283 2001 299 2038 <
320 2003 364 2039 t)
385 2009 411 2041 p,
432 2002 502 2037 461.

283 2046 330 2081 (u
351 2045 364 2081 )
387 2053 413 2081 p-
435 2045 507 2080 486-

282 2086 364 2164 ξζζ
387 2094 412 2161 ῩΙ
441 2089 643 2154 37¹s‘a413l'c
665 2120 682 2151 l.
720 2130 744 2152 c.
775 2130 802 2159 p.
832 2128 902 2159 445.
925 2124 993 2159 446·
1020 2118 1044 2159 J.
1070 2121 1181 2152 Daniel
1207 2120 1536 2153 Sennrcnrinc
1568 2123 1598 2153 in
1627 2122 1856 2156 Vnumne.

243 2181 261 2200 G
276 2180 283 2198 ι
299 2177 307 2194 ι
338 2167 469 2196 examine
494 2165 692 2200 chifzargorum
715 2172 741 2201 p.
773 2169 820 2198 80.
846 2163 875 2193 B.
903 2162 1001 2201 Siegfr.
1026 2165 1046 2193 A
1058 2174 1075 2193 ι
1090 2173 1104 2191 ι
1117 2174 1126 2192 1
1141 2173 1162 2193 N
1178 2173 1197 2193 u
1209 2174 1221 2193 s
1249 2163 1266 2194 l.
1295 2173 1319 2194 c.
1348 2164 1417 2194 Wr.
1431 2174 1443 2194 s
1456 2174 1468 2194 s
1481 2174 1498 2194 E
1511 2175 1528 2193 L
1542 2176 1551 2194 1
1566 2174 1586 2193 N
1600 2175 1619 2195 G
1643 2166 1677 2195 de
1698 2171 1785 2196 arter.
1809 2166 1858 2195 hoa

243 2212 311 2241 min,
336 2208 435 2238 adnex.
464 2205 503 2235 X.
530 2202 589 2234 Cel.
618 2204 648 2233 m
667 2213 686 2232 o
703 2214 717 2233 a
733 2214 748 2233 R
766 2215 778 2234 s
809 2206 843 2233 de
867 2206 1045 2241 nutritione,
1083 2204 1117 2234 G.
1148 2204 1179 2234 E.
1213 2204 1271 2235 HA
1287 2215 1364 2235 mse
1379 2215 1430 2235 Ro
1446 2215 1490 2236 nn
1516 2206 1550 2234 de
1576 2207 1668 2235 cordis
1691 2206 1802 2244 diastole
1827 2216 1856 2236 n.

246 2264 281 2290 29
319 2247 452 2287 ‚josephus
477 2246 635 2283 Exuperius
658 2245 680 2275 B
696 2255 709 2274 a
723 2255 739 2274 R
754 2254 774 2274 T
789 2255 797 2274 1
814 2255 833 2273 u
862 2246 892 2275 in
919 2244 979 2276 diff.
1008 2256 1047 2276 em
1063 2251 1157 2280 motus
1171 2247 1278 2276 alterni
1296 2247 1389 2276 cordis
1407 2244 1492 2286 causa
1504 2248 1653 2286 multiplex
1666 2247 1746 2279 Paris.
1770 2257 1855 2287 ¹740·

242 2292 339 2326 Exstat
366 2290 451 2319 etiam
478 2288 506 2316 in
533 2286 708 2317 collectione
736 2285 839 2317 nostra.

285 2331 369 2371 (2)
395 2339 413 2366 p
452 2332 519 2364 462.
546 2332 616 2363 463.

285 2376 295 2410 (
314 2384 331 2402 a
355 2372 367 2407 )
389 2368 424 2398 In
447 2369 532 2399 corde
557 2366 668 2400 evulso.

283 2415 329 2452 (b
351 2413 363 2448 )
386 2421 405 2450 ι)
446 2419 509 2448 ¹95-
533 2409 617 2448 Seqq·

281 2455 406 2493 (cw-
430 2461 495 2490 399·
522 2459 594 2488 400·

285 2498 299 2535 ζ
314 2497 334 2526 ιι
351 2495 364 2533 )
388 2503 417 2532 p,
435 2502 507 2530 420.
