2003 2748
299 105 492 147 SECT.
533 102 578 145 V.
633 101 899 144 CAUSSAE
943 96 1183 142 MOTUS
1228 90 1498 138 CORDIS.
1617 104 1698 146 465

107 200 268 246 nocent,
313 205 420 242 etiam
446 201 593 252 quando
627 207 701 239 tota
733 197 922 238 transversa
945 195 1139 235 dissecatur.
1190 193 1337 233 Deinde
1362 195 1469 232 etiam
1497 193 1535 230 in
1556 194 1704 232 canibus

112 264 278 302 eamdem
304 262 500 300 medullam
526 263 565 298 in
591 262 731 298 cervice
752 266 866 302 totam
887 256 1053 307 praesecui
1072 284 1081 298 ,
1131 256 1167 293 &
1193 261 1315 292 tamen
1337 253 1519 303 respiravit
1546 253 1701 295 animal,

114 324 152 361 &
172 335 235 360 cor
256 322 374 371 pulsus
396 323 477 360 suos
499 321 744 362 continuavit,
777 320 884 356 etiam
904 329 969 367 per
988 316 1126 365 aliquot
1151 315 1257 352 horas
1280 314 1391 362 (m).
1428 313 1558 363 Neque
1580 314 1616 350 in
1638 312 1706 350 ho-

111 383 212 421 mine
234 382 361 419 subitas
385 381 447 419 has
465 387 599 418 mortes
617 380 862 445 experimenta
879 375 1163 417 confirmarunt,
1195 385 1274 424 quae
1294 374 1337 411 ab
1355 373 1496 411 idoneis
1521 374 1604 410 viris
1625 384 1707 421 capa

113 448 148 479 ta
170 440 259 478 sunt.
294 440 441 491 juvenis
465 447 560 477 certe
589 439 764 480 rusticus,
800 438 858 475 cui
879 436 1041 474 vertebra
1072 435 1188 483 prima
1212 445 1230 471 a
1243 432 1408 481 secunda
1441 444 1487 471 ex
1516 432 1613 482 lapsu
1641 431 1708 469 dis-

114 499 278 543 cesserat,
316 513 379 549 per
404 500 543 548 aliquot
565 498 670 535 horas
706 495 835 545 absque
864 493 1132 535 incommodo,
1169 493 1206 530 &
1235 492 1366 542 absque
1390 491 1426 541 sy
1430 498 1631 541 mptomate
1653 490 1709 530 su-

113 559 268 609 pervixit
289 557 395 608 (n),
431 559 467 595 &
488 557 531 595 ad
547 563 715 606 quartum
737 556 833 593 diem
849 555 936 593 alius
962 556 980 602 (
996 566 1014 590 0
1032 554 1062 601 ).
1102 552 1242 590 Incisa
1234 564 1271 589 m
1297 553 1435 589 cervice
1460 551 1617 588 medulla
1641 550 1708 600 spi-

113 618 203 660 nali,
236 629 333 655 mors
354 616 525 667 postridie
547 616 751 666 supervenit
769 615 825 663 (p
842 617 868 662 ).
902 614 955 652 Ut
979 613 1135 651 omnino
1156 609 1323 649 medullae
1345 623 1471 660 graves
1492 610 1707 648 violationes

112 677 233 715 cordis
261 684 406 715 motum
423 674 501 714 non
524 675 614 714 adeo
632 675 750 714 subito
772 673 1023 714 sufflaminent.
1059 671 1191 722 Neque
1206 672 1337 710 irritata
1352 670 1510 709 medulla
1525 669 1613 723 mihi
1629 681 1710 708 cot-

112 735 167 774 dis
193 743 338 774 motum
366 734 543 774 revocaffe
565 735 632 773 visa
652 735 701 773 est
725 737 742 784 (
760 747 780 782 q
797 734 823 781 ).

173 795 401 834 Cerebellum
429 807 497 844 pro
517 807 717 833 nervorum
747 793 867 831 cordis
898 792 1111 841 scaturigine
1143 791 1308 830 habitum
1333 803 1410 829 non
1435 786 1557 829 multis
1578 789 1711 828 adhinc

112 856 253 905 paginis
283 856 482 893 accuratius
508 853 847 903 contemplabimur.
893 851 1077 891 Omnibus
1101 852 1258 901 denique
1286 852 1405 888 nervis
1428 850 1549 887 cordis
1573 849 1710 887 resectis

113 926 178 952 cor
189 915 294 952 etiam
312 914 461 952 celerius
476 914 627 964 pulsavit
648 913 663 963 (
679 925 700 950 r
715 912 743 958 ).
765 911 835 950 Sed
847 911 998 949 demum
1010 911 1219 950 ostendetur
1231 911 1307 958 (7⁴⁹⁶)
1325 916 1492 946 truncato
1505 910 1620 958 capite
1632 920 1712 946 mO=

112 979 193 1012 tum
218 973 338 1012 cordis
358 970 571 1023 superfuisse.
609 971 776 1012 Colleclis
792 971 964 1010 omnibus
984 970 1154 1020 adparet,
1189 981 1321 1007 nervos
1347 968 1467 1007 cordis
1490 968 1707 1012 destruftos,

114 1034 323 1083 ubicunque
348 1033 513 1072 destruffl
542 1033 698 1076 fuerint,
735 1038 895 1069 mortem
917 1030 1067 1080 quidem
1094 1030 1225 1067 inferre
1242 1058 1251 1072 ,
1286 1036 1456 1067 caeterum
1476 1026 1543 1065 effe
1566 1029 1604 1065 in
1630 1039 1711 1066 cor«

114 1092 160 1129 de
181 1092 337 1141 aliquam
363 1094 558 1131 motricem
582 1092 741 1135 causam,
781 1103 860 1140 quae
888 1092 963 1138 ejus
985 1090 1306 1128 musculi'motum
1332 1087 1553 1139 aliquamdiu
1577 1087 1711 1125 susten-

114 1158 192 1194 tet,
227 1154 335 1190 etiam
362 1152 509 1202 quando
533 1164 730 1190 nervorum
751 1149 952 1200 praesidium
979 1149 1102 1187 amisit.
1137 1147 1263 1186 Adeffe
1291 1160 1376 1185 vero
1397 1146 1538 1185 causam*
1558 1146 1713 1194 ejusmo-

113 1211 173 1253 di,
210 1223 248 1248 ea
263 1239 272 1254 ,
320 1223 398 1260 quae
420 1224 519 1250 nunc
540 1212 784 1261 proponimus
809 1211 1077 1259 experimenta,
1115 1207 1388 1245 manifestiffime
1411 1205 1617 1245 ostendunt.
1662 1204 1714 1243 Ea.

111 1268 214 1309 causa
241 1270 291 1308 est
320 1277 453 1308 natura
473 1270 662 1309 irritabilis
678 1298 687 1313 ‚
730 1281 808 1319 quae
833 1270 871 1306 in
897 1270 1001 1306 omni
1029 1267 1192 1306 musculo
1215 1267 1331 1317 aliqua
1353 1296 1362 1309 ,
1404 1268 1442 1304 in
1471 1264 1582 1303 corde
1607 1263 1710 1315 supet

115 1341 243 1368 omnes
266 1329 348 1368 alias
365 1342 488 1369 carnes
507 1328 748 1382 potentissima
767 1329 913 1367 habitat.
950 1326 1132 1368 Ordinem
1156 1335 1279 1365 autem
1303 1338 1426 1367 retum
1447 1324 1651 1376 sequemur,

465 1444 503 1486 ἓ,
532 1438 626 1478 III.
690 1437 876 1478 Irritabzssle
902 1436 946 1486 est
974 1436 1076 1487 causa
1095 1441 1207 1475 motus
1232 1436 1357 1474 cordis,

174 1548 217 1588 Et
241 1551 363 1600 primo
393 1561 457 1588 cor
482 1550 517 1587 δι
537 1548 669 1599 sponte
686 1555 857 1587 movetur
875 1577 885 1592 ,
910 1549 946 1586 Sc
971 1559 1016 1586 ex
1040 1549 1160 1597 quiete
1180 1546 1386 1585 admotum
1407 1545 1451 1582 ab
1469 1556 1548 1582 aere
1564 1542 1578 1586 ζ
1617 1555 1636 1581 a
1657 1555 1715 1582 ca—

114 1609 215 1652 lore,
255 1622 273 1647 a
301 1609 442 1659 liquore
461 1609 626 1659 inpulso,
665 1621 683 1646 a
708 1609 873 1658 scalpello
891 1637 900 1652 ,
936 1621 953 1646 a
977 1607 1120 1657 liquore
1148 1609 1220 1646 acri
1245 1616 1468 1657 quocunque
1484 1632 1493 1646 ,
1520 1616 1539 1641 a
1559 1602 1685 1640 salibus
1698 1630 1714 1646 ,.

114 1681 134 1707 a
163 1670 310 1707 venenis
329 1682 393 1719 per
416 1671 542 1719 ignem
571 1669 699 1718 paratis
723 1668 889 1706 facillime
913 1674 1103 1705 revocatur
1124 1696 1132 1709 ,
1169 1678 1321 1716 eamque
1343 1665 1603 1715 proprietatem
1629 1663 1716 1699 reti-

114 1738 202 1771 net,
241 1729 388 1777 quando
412 1741 540 1767 omnes
560 1731 597 1766 in
619 1739 774 1778 corpore
799 1727 942 1764 animali
963 1726 1114 1764 musculi
1145 1726 1280 1775 frigent
1296 1754 1305 1769 ,
1350 1726 1386 1761 δε
1412 1724 1588 1771 languent
1615 1723 1682 1769 (s)
1700 1749 1710 1763 ,

115 1789 152 1826 &
175 1788 380 1838 quiescunt,
418 1790 453 1826 δι
477 1787 575 1826 nulla
598 1790 633 1825 vi
652 1787 696 1825 ad
720 1795 865 1826 motum
893 1788 1052 1824 revocari
1073 1785 1218 1835 poffunt
1242 1785 1327 1833 (t).
1357 1783 1400 1821 ln
1422 1781 1559 1830 frigido
1581 1782 1717 1818 anima-

1681 1838 1716 1875 le

157 1952 236 1990 (m)
257 1950 340 1983 Conf.
364 1953 432 1989 Exp.
452 1959 517 1987 ¹57.
541 1956 606 1987 158.
630 1953 695 1980 161.
712 1960 777 1987 ⁴91·
798 1948 815 1980 l.
836 1960 860 1981 c.
888 1949 920 1980 In
936 1949 1014 1988 gallo·
1028 1949 1258 1987 experimentum
1279 1947 1348 1979 fecit
1362 1947 1404 1978 vir
1422 1945 1463 1977 Cl.
1492 1945 1625 1976 Urbanus
1642 1943 1668 1975 T
1681 1954 1716 1975 σὴ

116 2002 159 2024 st
176 2003 250 2023 ττι
275 1995 373 2022 letterz
400 2002 425 2021 2
456 2000 513 2029 exp
545 2001 592 2028 24

156 2037 171 2070 (
193 2045 214 2064 n
235 2035 248 2071 )
273 2036 357 2064 Bure
386 2033 485 2063 David
507 2030 543 2061 M
554 2042 606 2062 At:
619 2041 669 2061 CH
684 2041 700 2062 Α
715 2042 731 2061 a
746 2042 766 2061 τ
802 2032 834 2060 de
861 2031 917 2061 ber·
909 2033 959 2061 aia
980 2033 1107 2061 incircev
1110 2036 1159 2060 ztz
1184 2029 1338 2061 coroll.1

155 2075 204 2112 (o
229 2076 241 2112 )
266 2076 511 2105 DUVRRNEY
540 2074 567 2102 in
586 2079 626 2102 tr.
645 2074 691 2101 ds
718 2083 753 2101 ma
758 2073 848 2101 ilidies
867 2074 913 2101 ies
940 2083 976 2102 ox.

155 2115 170 2152 (
190 2124 209 2154 p
228 2116 241 2154 )
263 2117 286 2147 A
301 2127 322 2145 M
337 2127 357 2144 M
373 2125 423 2145 AN
445 2116 477 2143 de
497 2115 591 2144 lethus.
615 2116 722 2144 vzuluev
756 2123 782 2143 n.
811 2116 836 2144 6.
864 2113 935 2144 Fere
958 2113 1044 2143 simile
1071 2112 1237 2152 exemplum
1269 2111 1358 2142 habet
1380 2112 1411 2142 in
1441 2110 1544 2142 forenfi
1571 2109 1716 2141 medicina

115 2157 231 2189 Ζιττ
244 2165 368 2187 MANJ
397 2155 428 2185 C.
453 2155 474 2185 Ι.
498 2165 523 2186 c.
548 2165 597 2193 79.

157 2197 234 2236 (q)
258 2200 327 2234 Ex?
348 2202 418 2235 489-

158 2236 612 2274 (r)Cx1113AcEpht.mz.
639 2246 700 2265 cur.
725 2235 855 2267 l0.11V.
883 2237 939 2268 obs,
965 2245 1011 2275 33.
1176 2234 1382 2273 (r³‘)n.1².

159 2278 204 2314 (s
224 2280 237 2315 )
258 2278 355 2308 Habet
379 2277 471 2315 aliqua
490 2287 527 2307 eo
551 2288 613 2315 per
603 2278 722 2307 inentia
747 2280 802 2315 jam
829 2278 873 2308 Pr
890 2288 934 2308 [Ν
950 2289 958 2308 1
972 2288 991 2307 u
1007 2288 1019 2308 s
1044 2278 1075 2309 L.
1102 2277 1155 2308 XI.
1178 2287 1204 2315 p.
1233 2281 1301 2307 621.
1325 2275 1358 2306 ln
1381 2276 1443 2306 felis
1461 2275 1547 2306 corde
1565 2280 1659 2305 motus
1674 2273 1716 2304 su-

117 2320 246 2359 perfuit,
271 2329 338 2349 cum
351 2319 469 2357 reliquis
482 2318 709 2349 musculisreddi
736 2329 793 2349 non
816 2319 905 2357 poffet
931 2319 997 2350 Mu
1010 2329 1024 2349 1³
1042 2329 1121 2349 ALT
1148 2319 1332 2349 Vademecum
1358 2324 1481 2347 anatom.
1514 2327 1540 2355 p.
1571 2325 1637 2354 449.
1659 2315 1714 2344 Cor
1750 2316 1754 2317 ⁷

117 2359 277 2392 suseitablle
300 2368 417 2396 manet,
442 2360 559 2397 quando
591 2360 762 2397 principium
785 2360 872 2391 vitale
886 2361 915 2390 in
934 2360 1048 2398 reliquis
1071 2359 1204 2391 musculis
1224 2359 1397 2389 destructum
1413 2359 1453 2388 est
1475 2358 1584 2391 Saxae
1602 2365 1630 2394 p.
1647 2360 1711 2394 328·

160 2401 204 2437 (t
225 2401 238 2438 )
261 2400 341 2431 Conf
356 2402 550 2440 experimenta
575 2400 666 2430 nostra
689 2400 707 2431 l.
735 2412 760 2433 c.
788 2411 858 2441 470.
887 2410 956 2441 472.
983 2410 1052 2442 473.
1081 2409 1149 2443 493.
1171 2407 1239 2442 498.
1267 2410 1332 2440 5¹5·
1363 2410 1432 2438 5²0-
1489 2415 1499 2423 ·

206 2469 333 2512 Hallcr
365 2468 555 2521 Phyfiolog.
575 2469 683 2510 Tom.
706 2469 733 2509 I,
1318 2468 1355 2506 N
1367 2480 1393 2506 n
1408 2479 1431 2508 1:-
