2003 2748
449 103 757 168 SECTJV.
799 104 1040 150 Morus
1085 102 1367 150 coam&
1621 120 1705 162 445

96 221 179 260 quae
206 221 290 248 eum
314 208 508 247 circuitum
526 215 739 247 remoratur.
776 206 868 254 Quo
886 208 1000 255 magis
1018 206 1201 244 irritabilia
1219 206 1346 244 feceris
1369 203 1506 245 vascula
1531 206 1709 252 ininima‚'

95 281 143 308 eo
172 271 288 318 majus
305 271 372 306 erit
392 269 619 307 obstaculum
638 296 648 312 ,
690 267 793 318 quod
816 267 984 305 circuitui
1012 275 1218 316 opponunt.

160 330 286 376 Quare
307 328 397 366 mihi
411 329 560 379 quidem
579 328 702 379 potius
723 327 866 365 videtur
882 354 892 369 ‚
928 327 1080 363 minima
1104 325 1263 369 vascula,
1284 326 1486 364 calidorum
1504 328 1611 365 etiam
1630 329 1706 366 ani-

96 389 246 427 malium
259 417 269 432 ,
296 390 332 427 vi
347 388 546 427 contractili
567 396 628 427 aut
648 387 810 429 destitui,
842 395 902 424 aut
920 384 1128 424 debiliffima
1144 385 1302 434 pol-lere,
1338 388 1391 424 uti
1412 387 1515 424 nullo
1536 386 1705 427 hastenus

96 450 351 498 experimento
381 456 442 487 aut
472 448 594 498 pulsus
618 450 657 486 in
687 449 729 485 iis
759 445 918 484 ostensus
953 446 1025 488 est,
1061 452 1122 490 aut
1149 447 1202 482 vis
1236 447 1440 483 irritabilis:
1478 436 1518 482 &¹
1544 447 1593 484 ob
1628 460 1708 487 eam

94 508 207 558 ipsam
230 510 409 546 rationem
434 507 576 557 pulsum
592 509 630 545 in
646 506 794 545 vasculis
809 507 971 543 minimis
1006 504 1149 542 nullum
1176 506 1324 554 percipi.
1360 505 1495 544 Eadem
1515 508 1612 544 enim
1644 519 1708 545 eo-

93 580 177 606 rum
212 568 438 606 vasculorum
465 569 557 605 ratio
582 567 656 610 est,
691 578 771 616 quae
794 565 960 603 vasorum
977 593 987 608 ,
1024 575 1125 602 certo
1144 577 1222 603 non
1242 565 1537 608 contractilium,
1572 569 1708 617 anima-f

92 627 185 669 lium
208 627 467 680 frigidorum„
485 629 525 666 in
547 628 679 679 quibus
714 625 836 677 pulsus
860 625 983 664 nullus
1008 624 1163 675 adparet.

538 741 570 784 5,
605 736 648 777 X
661 736 701 776 L.
769 735 817 775 Et
839 735 967 776 caloris
987 741 1050 775 aut
1079 737 1172 775 aiiris
1191 736 1264 774 visi

150 850 279 898 Quia
301 848 420 887 calore
451 856 599 886 motum
633 846 815 897 sanguinis
851 845 1034 890 derivant,
1072 859 1135 884 eos
1173 853 1322 896 oportet
1359 847 1570 889 ostendere,
1605 848 1705 886 unde

89 909 191 948 Calor
208 909 411 948 inanimale
432 908 613 946 nascatur:
636 908 673 946 ὃς
691 906 859 944 videntur
876 914 973 945 certe
991 906 1117 944 vitiose
1139 907 1377 956 quaestionem
1393 909 1581 944 invertere.
1617 907 1706 945 Ani-

90 970 165 1008 mal
200 969 455 1021 syncopticum
479 968 634 1019 perfecie
664 967 793 1016 friget3
825 967 988 1005 redditur
1004 968 1036 1004 ei
1054 966 1299 1016 undecunque
1316 976 1439 1005 motus
1456 995 1465 1010 ‚
1504 968 1704 1005 irritatione

91 1029 196 1072 facta,
233 1042 312 1080 quae
344 1041 408 1067 cor
440 1028 577 1079 pulsare
610 1035 742 1077 cogat,
772 1027 945 1064 reddetur
973 1028 1101 1076 utique
1127 1027 1250 1069 calor,
1286 1027 1344 1064 sed
1370 1028 1561 1077 postquam
1581 1036 1705 1065 motus

92 1089 255 1127 redditus
293 1090 351 1127 est.
388 1089 479 1127 Non
514 1089 599 1127 ideo
632 1095 802 1125 movetur
841 1087 994 1130 animal,
1029 1088 1113 1136 quia
1146 1088 1176 1124 is
1208 1086 1350 1136 sanguis
1376 1087 1491 1129 calet,
1527 1086 1586 1124 sed
1609 1088 1707 1124 inca-

89 1148 211 1191 iescit‚
249 1151 331 1199 quia
346 1149 489 1198 sanguis
509 1149 554 1187 ad
573 1156 717 1186 motum
741 1147 858 1185 rediit.
894 1146 936 1184 ld
953 1156 1210 1195 argumentum
1228 1175 1237 1189 ‚
1272 1149 1325 1184 uti
1351 1147 1515 1197 alioquin
1537 1154 1702 1190 certum,

89 1208 140 1246 ita
179 1208 484 1247 evidentissimum
528 1209 577 1246 est
612 1210 650 1245 in
689 1207 834 1246 summo
880 1206 1017 1256 frigore
1037 1234 1048 1248 ‚
1097 1218 1172 1256 quo
1212 1219 1272 1244 aer
1305 1206 1349 1243 ad
1394 1206 1582 1255 glacialem
1613 1214 1706 1243 tem-

88 1269 228 1318 periem
259 1270 361 1318 riget.
411 1268 575 1307 Tantum
602 1275 692 1306 tunc
720 1267 835 1316 frigus
862 1267 911 1304 est
932 1296 942 1311 ‚
991 1273 1032 1304 ut
1050 1264 1199 1315 Jeniseae
1215 1266 1305 1303 infra
1325 1266 1502 1316 punstum
1530 1265 1703 1304 nascentis

89 1328 220 1377 glaciei
247 1340 260 1365 1
274 1339 326 1366 20
348 1328 654 1368 Fahrenheitianis
680 1328 852 1377 gradibus
870 1328 886 1374 (
905 1326 927 1364 h
945 1326 961 1371 )
980 1336 1173 1375 argentum
1192 1328 1315 1365 vivum
1335 1327 1567 1376 deprimatur.
1592 1324 1636 1363 Et
1654 1334 1705 1364 ta·

88 1390 231 1427 meniu
253 1401 297 1427 eo
308 1388 466 1438 frigore,
492 1397 554 1426 aut
574 1389 704 1436 majori
724 1389 769 1436 (i
789 1385 826 1436 )‚
862 1387 990 1435 vigent
1007 1386 1173 1429 balaenae,
1209 1387 1245 1423 ἃ
1277 1387 1429 1435 phocae,
1464 1387 1500 1423 &
1534 1385 1703 1424 homiues

90 1448 263 1491 demum,
302 1461 396 1499 quos
424 1451 505 1487 vitae
531 1451 655 1486 munia
678 1454 819 1496 cogunt
833 1447 989 1484 liberum
1017 1458 1082 1496 per
1106 1458 1225 1483 aerem
1249 1449 1391 1488 venari,
1427 1447 1554 1482 itinera
1570 1445 1628 1483 sua
1645 1457 1705 1483 ur-

89 1521 186 1558 gere.
222 1508 356 1547 Nullus
380 1521 470 1557 ergo
502 1509 563 1546 hic
582 1510 625 1546 ab
645 1520 723 1545 aere
745 1509 784 1544 in
811 1507 1022 1556 sanguinem
1049 1505 1147 1543 calor
1173 1508 1297 1543 venit:
1333 1505 1532 1543 extrahitur
1551 1512 1698 1548 contra,

90 1570 153 1617 qui
181 1569 270 1606 inest
287 1569 452 1618 sanguini
477 1569 603 1612 calor,
637 1569 749 1618 inque
777 1580 895 1605 aerem
928 1565 1069 1610 transit,
1104 1565 1141 1603 id
1162 1568 1260 1603 enim
1286 1577 1460 1603 vocamus
1487 1565 1697 1613 refrigerari.

90 1625 136 1666 Et
153 1637 275 1665 tamen
292 1631 330 1666 in
360 1642 405 1666 eo
421 1642 500 1667 aere
527 1630 615 1666 vivit
632 1629 772 1671 homo,
808 1627 976 1669 &calet,
1013 1625 1187 1676 quamdiu
1200 1635 1393 1668 movetur,
1431 1637 1580 1662 omnem
1599 1623 1700 1661 amis-

90 1685 193 1725 surus
212 1700 296 1726 cum
312 1690 383 1726 vita
405 1689 585 1732 calorem,
608 1701 717 1741 quam
730 1691 892 1740 primurn
908 1688 1095 1738 quieverit.
1135 1685 1250 1724 Suum
1276 1687 1367 1725 adeo
1379 1686 1423 1723 ab
1443 1697 1522 1722 aere
1544 1684 1704 1722 calorem

87 1745 234 1796 sanguis
266 1761 343 1786 non
371 1748 487 1786 habet.

151 1807 195 1845 ln
218 1808 271 1847 Cl.
308 1807 368 1846 Bi:
384 1821 405 1845 R
420 1820 470 1845 T1
486 1820 543 1845 ER
570 1806 765 1858 hypothesi
797 1808 953 1845 omnino
986 1807 1113 1844 debuit
1137 1804 1279 1843 ostendi
1300 1803 1419 1848 causa,
1450 1817 1560 1853 quare
1585 1816 1643 1841 aer
1663 1805 1701 1843 in

90 1867 303 1916 sanguinem
325 1877 489 1916 receptus
515 1868 710 1905 incalescat.
745 1867 834 1905 Non
861 1867 968 1905 debet
988 1867 1032 1904 de
1058 1867 1210 1904 homine
1231 1864 1307 1902 solo
1339 1865 1471 1912 quaeri,
1519 1865 1577 1900 cui
1603 1863 1701 1901 calor

92 1927 165 1974 jam
201 1929 344 1964 innatus
376 1927 525 1968 insidet,
559 1926 619 1963 sed
650 1927 695 1962 de
729 1926 911 1974 piscibus,
957 1925 1277 1974 quadrupedibus,
1323 1923 1479 1966 inseetis,
1515 1922 1701 1962 vastissima

92 1999 227 2037 nempe
250 1985 350 2024 classe
371 1987 620 2025 animantium.
657 1983 723 2023 His
749 1985 921 2023 omnibus
949 1985 1090 2034 sanguis
1116 1983 1166 2021 est
1194 1984 1268 2030 ejus
1295 1984 1502 2033 temperiei,
1537 1991 1597 2020 aut
1624 1984 1700 2029 ejus

92 2049 272 2098 proximae
286 2076 294 2090 ,
317 2059 395 2097 quae
420 2049 458 2084 in
477 2059 555 2084 aere
583 2046 727 2084 obtinet
753 2046 839 2093 (lc).
876 2044 996 2086 Gratis
1017 2057 1105 2094 ergo
1127 2044 1299 2085 sumitur,
1332 2055 1415 2080 cum
1436 2055 1552 2080 aerem
1571 2045 1607 2079 in
1627 2042 1702 2079 san-

89 2109 247 2156 guinem
275 2116 461 2157 receptum
493 2107 639 2144 dilatari.
675 2105 729 2144 Eo
764 2105 1004 2144 fundamento
1034 2106 1183 2144 subruto
1209 2104 1332 2141 omina
1360 2103 1503 2141 cadunt.
1541 2102 1610 2140 Sed
1639 2114 1701 2140 exa

93 2169 300 2215 perimento
329 2177 496 2218 praeterea
534 2167 625 2206 facio
654 2179 672 2204 a
698 2167 751 2206 Cl.
788 2167 867 2204 viro
898 2165 1053 2204 Samuele
1079 2166 1106 2204 A
1124 2177 1143 2202 u
1159 2177 1208 2202 ni
1227 2176 1410 2201 v1LL10
1431 2162 1523 2212 (l),
1558 2162 1701 2211 sanguis

1663 2235 1703 2260 iu

135 2284 148 2362 ἓ
169 2282 218 2333 ζ’)
240 2282 314 2313 Vide
336 2283 360 2313 G
375 2295 424 2314 Miz
438 2295 454 2314 L
471 2293 511 2313 iu
527 2295 536 2313 1
560 2284 628 2314 olim
648 2284 731 2313 nostri
757 2283 832 2321 pref
861 2285 900 2314 ad
915 2286 971 2321 flor
991 2282 1094 2321 fibiric
1119 2281 1145 2312 T
1176 2280 1197 2310 Ῐ.
1222 2291 1247 2317 p.
1273 2278 1414 2312 Lxxm.

194 2324 205 2358 )
230 2323 260 2354 Η
281 2326 357 2355 enim
383 2326 470 2363 frigus
496 2325 549 2355 fuit
566 2326 615 2356 sub
637 2331 671 2359 <8
698 2327 796 2365 gradu.
823 2327 878 2357 Sed
893 2326 928 2356 ad
951 2325 1157 2364 ottogefimum
1177 2322 1262 2361 timue
1295 2324 1321 2352 ἃῑ
1355 2321 1471 2352 bataenae
1499 2319 1700 2356 reperiuntur,

86 2364 122 2394 tc
143 2337 242 2405 gentes
268 2366 459 2397 Groenlandiae
480 2367 675 2398 occidentalis.

135 2410 148 2443 (
169 2410 216 2443 k)
240 2408 358 2438 Dicetur
373 2408 459 2439 fufius
483 2408 512 2438 L.
537 2408 583 2438 VI.

133 2448 149 2484 (
202 2450 215 2487 )
241 2449 276 2480 ln
301 2450 370 2489 disp·
398 2452 485 2489 inaug
513 2451 546 2481 cle
567 2452 699 2490 inaeqaeali
720 2453 834 2491 amplit.
861 2449 950 2492 vasor.
976 2452 1065 2490 palm.
1093 2446 1189 2479 recusa
1206 2447 1234 2477 in
1257 2447 1293 2480 T.
1322 2446 1382 2478 vn.
1406 2445 1519 2477 collect.
1550 2443 1658 2477 nostrae.

1088 2491 1260 2537 Kkk3
