2003 2748
346 166 430 208 '300
849 154 1009 199 'LIR
1074 154 1176 200 JV.
1242 154 1423 201 COR·

402 257 518 296 Porro
539 258 592 296 uti
613 258 650 294 in
671 268 769 294 cono
794 256 829 294 ἃ
853 255 942 294 basis
965 256 1015 293 est
1038 284 1048 299 ,
1084 256 1120 293 &
1144 267 1237 305 apex
1258 285 1268 300 ,
1302 258 1350 294 ita
1369 241 1476 295 etiam
1504 252 1607 297 cordi
1630 255 1720 302 suass
1761 272 1843 299 cum
1864 255 1938 300 hoc

346 319 499 355 nomine
518 318 632 365 vulgo
655 323 740 354 nota
765 314 850 364 basis
874 316 923 353 est
943 344 952 358 ,
988 316 1024 353 &
1048 322 1134 363 apex
1157 314 1228 352 five
1249 327 1390 354 mucro.
1426 315 1469 354 Et
1491 317 1549 356 illa
1575 318 1724 368 quidem
1749 322 1853 357 variis
1876 322 1937 359 ad-

346 376 553 413 ditamentis
575 377 672 414 anila
687 403 695 418 ,
732 375 791 412 sed
811 375 900 413 tecta
921 376 1028 412 etiam
1052 375 1089 411 δε
1110 374 1287 412 occultata
1300 403 1309 418 ,
1345 381 1422 413 tota
1442 377 1480 413 in
1498 377 1649 415 homine
1664 378 1848 416 dexterior
1863 380 1931 424 est,

340 446 452 482 quam
471 436 634 474 medium
665 435 824 472 sternum
853 462 862 477 ‚
897 441 1004 484 atque
1030 446 1123 476 una,
1167 432 1192 470 fi
1222 445 1306 472 cum
1331 447 1509 473 mucrone
1534 439 1784 486 conparaveris
1808 467 1818 482 ‚
1853 438 1934 486 pos-

337 494 461 530 teriori
482 495 566 532 loco
589 495 737 543 ponitur
761 522 770 536 ,
807 494 842 530 &
862 492 1045 542 aliquanto
1071 492 1240 541 superior.
1281 493 1318 530 Si
1340 497 1537 533 accuratius
1563 508 1648 534 cum
1669 496 1775 533 costis
1798 509 1933 546 conpa-

335 555 466 590 raveris
489 583 497 596 ,
533 566 612 603 pars
635 553 755 590 baseos
778 553 848 589 ima
875 551 1068 600 respondet
1085 552 1256 589 vertebrae
1286 552 1438 596 oetavae,
1469 566 1581 604 eaque
1606 555 1789 604 aliquanto
1808 557 1932 594 dexte-

332 611 409 648 rior
436 612 492 649 est.
542 613 710 650 Anterius
741 618 839 649 retro
865 611 1000 649 costam
1025 612 1212 660 quintam,
1242 618 1403 660 quartam
1425 639 1434 655 ,
1468 616 1631 657 tertiam,
1672 615 1708 651 &
1737 615 1931 654 secundam

331 673 482 719 ponitur
513 672 605 720 (e).

391 731 528 769 Mucro
550 731 669 769 cordis
695 743 815 780 neque
842 731 879 766 in
899 729 1073 767 omnibus
1100 729 1313 767 animalibus
1338 756 1347 773 ,
1382 741 1501 780 neque
1527 732 1566 769 in
1583 732 1741 780 ejusdem
1766 735 1926 774 animalis

327 791 490 829 -atatibus
536 791 635 828 idem
675 791 725 827 est
750 819 759 832 ‚
781 823 784 826 ,
813 789 951 838 semper
993 789 1165 838 equidem
1213 788 1283 826 basi
1325 790 1494 838 gracilior
1521 819 1530 834 ,
1610 792 1669 829 sed
1726 793 1844 831 multo
1888 796 1927 833 in

328 850 515 888 nonnullis
543 850 755 888 animalibus
784 851 923 887 aeutior
948 845 1002 896 (f
1013 850 1031 896 )
1047 877 1055 891 ,
1095 850 1131 885 in
1157 848 1309 885 homine
1332 849 1522 893 obtusior,
1560 851 1651 888 &in
1675 851 1750 890 fetu
1767 880 1776 895 ,
1812 865 1925 901 quan-

327 916 407 947 tum
430 910 503 947 vidi
531 910 642 957 (g),
681 909 866 958 aliquanto
895 909 1026 950 etiam,
1066 919 1175 956 quam
1200 909 1238 945 in
1268 908 1393 946 adulto
1426 909 1567 947 crassior
1591 938 1599 952 ‚
1660 923 1744 949 cum
1770 919 1923 962 uterque

323 969 548 1017 ¹ventriculus
564 972 601 1006 in
628 981 666 1006 ea
686 976 785 1006 aetate
808 980 900 1017 pene
916 979 1016 1016 acque
1041 967 1176 1015 longus
1190 966 1255 1010 fit,
1286 969 1323 1004 in
1341 968 1466 1006 adulto
1486 968 1620 1007 sinister
1634 972 1748 1019 magis
1764 970 1913 1020 superet.

385 1028 531 1066 Bicollis
548 1028 639 1066 adeo
664 1028 756 1076 (h)
785 1029 823 1064 in
839 1027 989 1064 homine
1006 1038 1134 1064 mucro
1150 1054 1159 1069 ,
1197 1039 1243 1064 ex
1269 1026 1428 1066 duorum
1450 1040 1633 1067 conorum
1647 1030 1807 1079 apicibus
1831 1043 1920 1069 con-

326 1090 501 1137 ponitur,
538 1099 699 1138 quorum
724 1088 881 1124 anterior
913 1085 1128 1135 plerumque
1154 1086 1320 1129 brevior,
1357 1086 1492 1125 sinister
1524 1088 1740 1138 plerumque
1769 1089 1919 1139 longior

325 1147 386 1184 est.
422 1147 553 1197 Neque
576 1149 673 1185 enim
700 1145 881 1184 distimulo
902 1173 911 1188 ,
948 1147 1054 1182 etiam
1086 1147 1122 1181 in
1146 1144 1297 1183 homine
1320 1159 1436 1196 nuper
1458 1150 1497 1185 in
1523 1146 1644 1186 lucem
1673 1148 1771 1186 edito
1798 1149 1917 1189 dextri

313 1207 506 1255 ¹ventriculi
532 1205 807 1256 longitudinem
828 1204 1022 1254 aliquando
1052 1203 1233 1253 superasse.

376 1266 466 1304 Non
495 1279 583 1315 ergo
606 1266 670 1303 soli
695 1265 889 1314 elephanto
916 1276 980 1301 cor
1013 1263 1146 1301 bicone
1173 1264 1222 1301 est
1254 1263 1339 1312 (i)
1367 1272 1428 1303 aut
1442 1267 1526 1303 raris
1550 1267 1736 1304 nonnulliS
1753 1266 1917 1307 homini.

313 1326 382 1364 bus
409 1326 466 1374 (lc
483 1327 529 1374 ):
563 1325 622 1363 sed
652 1338 690 1363 ea
716 1327 790 1372 ejus
813 1324 954 1362 visceris
982 1324 1138 1360 maxime
1159 1323 1327 1373 frequens
1353 1325 1467 1373 figura
1490 1325 1538 1363 est
1556 1354 1565 1368 ‚
1599 1333 1641 1363 ut
1668 1326 1812 1365 duobus
1842 1329 1909 1366 ob-

313 1384 397 1422 tnfis
419 1385 595 1423 colliculis
619 1385 762 1422 finiatur
778 1413 786 1424 ,
823 1395 916 1433 quos
944 1394 1049 1419 crena
1072 1382 1223 1425 dividit,
1261 1385 1293 1420 ei
1316 1384 1419 1421 lineae
1442 1386 1652 1423 continuata
1669 1413 1678 1428 ,
1716 1398 1826 1435 quam
1856 1388 1911 1425 di-

311 1446 351 1481 xi
373 1456 437 1482 cor
465 1445 636 1482 dividere.
672 1443 782 1482 Reste
807 1444 854 1480 ita
876 1442 909 1480 se
930 1441 1145 1491 plerumque
1167 1442 1296 1480 habere
1326 1443 1408 1493 post
1435 1443 1698 1494 antiqnissimos
1732 1448 1911 1484 anatomi-

311 1515 375 1541 cos
403 1503 488 1553 (ἶ)
514 1511 642 1542 monet
668 1503 999 1541 MORGAGNUS
1027 1499 1142 1547 (m),
1180 1502 1216 1538 &
1238 1501 1716 1552 SANTORINUS[71]‚
1753 1507 1860 1543 etiam
1878 1505 1905 1555 fi

309 1569 463 1612 uterque
476 1592 486 1606 ,
520 1564 565 1601 ad
582 1564 648 1602 alia
675 1576 694 1600 a
719 1562 848 1600 nostris
873 1561 1119 1610 experimenta
1136 1589 1145 1603 ‚
1185 1561 1302 1611 aliqua
1337 1564 1514 1600 contraria
1548 1563 1713 1612 exempla
1741 1567 1872 1602 excitat
1888 1594 1899 1610 ‚

311 1622 350 1658 in
387 1623 517 1671 quibus
548 1624 623 1662 duo
649 1625 800 1661 vertices
834 1623 956 1658 minus
981 1620 1166 1658 evidenter
1187 1621 1508 1670 distinguebantur.
1545 1621 1588 1659 In
1616 1621 1653 1660 D
1667 1635 1724 1660 ΒΥ
1737 1635 1760 1660 Α
1773 1636 1798 1661 N
1813 1637 1836 1662 D
1850 1637 1874 1661 R
1889 1636 1902 1663 1

309 1681 419 1719 icone
440 1681 486 1720 fic
519 1685 537 1729 [
553 1686 602 1729 ο]
627 1683 705 1721 satis
725 1681 854 1721 bifidus
873 1679 992 1719 cordis
1013 1692 1104 1731 apex
1118 1680 1209 1719 bene
1229 1682 1444 1731 exprimitur
1458 1694 1470 1728 5
1502 1683 1539 1719 in
1551 1680 1585 1720 R
1599 1693 1620 1719 υ
1636 1694 1658 1719 Y
1671 1695 1686 1721 s
1702 1694 1722 1720 0
1735 1695 1762 1720 H
1774 1695 1787 1720 1
1801 1695 1824 1721 A
1838 1696 1863 1720 N
1878 1695 1901 1720 A

1813 1754 1900 1781 vero

342 1858 421 1895 (e)
444 1859 656 1889 EUsTAcH
689 1858 724 1889 T.
752 1857 851 1889 XXV.

344 1898 421 1937 (f)
445 1900 652 1938 Longiffimum
678 1901 737 1930 vidi
759 1899 953 1930 ventriculum
970 1899 1110 1929 sinistrum
1135 1898 1165 1928 in
1194 1898 1255 1930 fetu
1281 1896 1391 1933 ovillo,
1414 1898 1606 1937 longissimum
1635 1898 1720 1930 etiam
1750 1900 1779 1929 in
1801 1899 1897 1932 haedu.

302 1938 331 1969 lo
356 1942 459 1970 Second
476 1943 605 1970 memoire
619 1939 674 1979 firr
695 1942 718 1970 le
740 1947 919 1970 mouvement
941 1942 980 1970 du
1004 1950 1077 1969 coeur
1100 1940 1172 1978 Exp.
1194 1940 1312 1976 4841ss
1335 1952 1406 1972 cane
1423 1964 1430 1978 ‚
1455 1951 1539 1980 quam
1557 1942 1584 1970 in
1602 1940 1739 1976 homine,
1765 1950 1813 1970 cor
1827 1951 1896 1972 acu-

300 1981 356 2011 tius
381 1981 435 2011 effe
459 1984 557 2012 ἀυᾶῡτ
579 1982 618 2012 est
640 1983 724 2013 Alex.
744 1982 927 2012 MonRoo
958 1977 1028 2021 effzy
1045 1991 1081 2010 on
1104 1983 1292 2018 comparative
1308 1989 1440 2018 anatum„
1458 1990 1487 2018 p.
1510 1992 1558 2018 42.
1585 1981 1618 2011 In
1641 1983 1721 2019 pullo
1742 1982 1789 2010 ovi
1814 1982 1897 2013 incu-

297 2020 358 2052 ‘bati
383 2023 431 2052 diu
460 2023 635 2053 ventriculus
653 2024 751 2053 dexter
769 2022 947 2053 breviffimus
973 2023 1032 2057 est,
1065 2032 1166 2052 mucro
1198 2032 1265 2053 vero
1283 2023 1346 2053 satis
1375 2030 1474 2053 acutus
1488 2045 1496 2059 ,
1531 2023 1617 2054 unico
1635 2022 1668 2054 fit
1688 2022 1833 2054 eol'icu10.

340 2062 384 2100 (g
402 2064 414 2096 J*
439 2064 510 2093 Vide
527 2065 623 2094 icones
646 2064 754 2094 nostras
773 2064 809 2093 ad
833 2063 977 2094 valvulam
1003 2063 1219 2094 Eustachianam
1245 2064 1275 2093 in
1295 2063 1428 2104 figsciculo
1453 2064 1501 2095 IV.
1530 2064 1610 2094 datas
1639 2063 1659 2095 f.
1695 2073 1717 2103 3.
1751 2073 1779 2099 4.
1811 2063 1894 2095 Fetus

297 2105 473 2134 ventriculo»
489 2106 589 2134 dexter
614 2115 694 2143 aeque
718 2105 821 2144 longus
846 2104 885 2134 est
910 2105 937 2136 H
950 2114 968 2135 A
981 2114 1002 2134 R
1016 2115 1032 2135 v
1046 2114 1063 2134 ε
1079 2115 1089 2133 1
1116 2115 1143 2143 p.
1164 2114 1229 2143 ¹53·
1934 2104 1941 2108 “

339 2145 385 2179 (Ι)
408 2161 417 2180 )
442 2145 513 2174 lbid.
539 2146 557 2174 f.
589 2156 613 2182 3.

338 2185 349 2219 (
369 2187 379 2213 i
401 2186 412 2217 ὅ
436 2186 473 2216 Ut
494 2187 639 2217 veteribus
666 2189 693 2217 δι
716 2187 863 2217 Guilielmo
885 2185 1028 2217 Sruitr.
1044 2197 1060 2216 ι
1077 2197 1094 2217 z
1110 2197 1129 2217 Y
1159 2185 1247 2218 visum
1270 2187 1301 2218 in
1328 2192 1461 2219 anatome
1484 2186 1656 2228 elephanti,
1690 2195 1752 2225 quae
1776 2185 1883 2226 prodiit

297 2233 364 2255 cum
386 2227 447 2261 ejus
473 2226 575 2263 history
599 2228 634 2264 of
651 2229 698 2257 the
710 2226 803 2266 Jhleen
826 2238 853 2266 p.
880 2238 928 2266 79.

335 2266 696 2300 (lc)UtR10LANo
724 2268 743 2298 1.
770 2279 792 2298 c.
824 2279 852 2307 p.
877 2272 944 2305 236.

335 2306 349 2342 (
371 2308 407 2343 l)
432 2308 514 2344 Apud
535 2308 589 2337 GA
604 2316 711 2338 LENU
727 2320 748 2338 M
772 2310 848 2340 adm.
868 2315 949 2341 anat.
974 2310 1007 2341 L.
1034 2308 1098 2341 VH.
1126 2319 1149 2341 c.
1181 2319 1225 2341 w.

333 2348 416 2383 (m)
438 2348 518 2384 Epist.
543 2355 623 2379 anat.
649 2350 713 2380 XV.
740 2359 767 2377 n.
795 2357 840 2386 59,

333 2387 413 2424 (ιι)
436 2386 544 2426 Or'firv.
571 2396 649 2419 anat.
682 2400 708 2427 p.
742 2398 807 2428 143.

333 2428 349 2464 (
368 2428 413 2466 0)
436 2429 479 2459 Ad
504 2429 762 2462 Munnxizun.
