2003 2748
228 180 244 194 .
300 161 388 208 '114
621 154 651 172 ·'
836 152 1075 195 ZIRII.
1137 151 1371 194 VASA:

298 269 388 296 aus.
422 254 476 294 Ex
497 251 857 291 Leeuwenhoeckianis
876 252 973 289 enim
994 251 1251 300 experimentis
1274 250 1294 299 (
1305 262 1332 297 y
1350 247 1367 300 )
1394 261 1473 288 non
1491 251 1531 288 in
1549 249 1608 288 sex
1628 246 1745 290 solum
1764 250 1896 301 globu-

300 316 358 354 los
385 313 610 352 flavescentes
637 312 745 349 ruber
769 311 942 360 globulus
976 311 1093 349 diffilit
1110 339 1119 353 ,
1159 323 1279 360 neque
1303 309 1398 348 adeo
1414 312 1599 349 tenuiores
1617 310 1790 349 humores
1812 311 1894 349 solis

300 373 455 412 massalis
471 373 582 409 sexies
608 372 715 408 rubra
736 370 907 419 sphaerula
925 372 1128 408 minoribus
1145 371 1318 408 constant.
1353 368 1450 418 Ergo
1473 371 1525 408 uti
1540 369 1621 407 flavi
1637 369 1801 408 humoris
1823 371 1896 408 vas-

300 434 380 471 cula
406 444 451 469 ex
476 432 592 469 rubris
615 430 807 468 nascuntur
822 459 832 472 ‚
864 432 910 467 ita
935 430 999 467 alia
1025 430 1161 467 vascula
1188 429 1263 467 dari
1288 429 1458 479 poscebat
1479 442 1504 466 A
1520 442 1538 466 υ
1553 440 1685 467 cToa
1714 430 1890 473 eximius,

299 504 379 542 quae
404 491 600 529 humorem
625 491 831 527 tenuiorem
853 488 948 526 flavo
981 489 1152 527 veherent
1183 490 1242 536 (z
1259 486 1274 538 )
1291 517 1302 531 ,
1338 488 1413 526 dari
1440 490 1538 526 enim
1562 488 1760 526 moleculas
1775 517 1784 531 ‚
1813 500 1894 538 quae

297 550 386 588 flava
406 550 577 600 sphaerula
596 549 707 586 sexies
720 577 729 592 ‚
755 549 861 587 rubra
876 547 1035 597 trigesies
1051 549 1087 585 ἃ
1107 548 1217 585 sexies
1236 549 1396 585 minores
1413 547 1489 585 sint.
1514 547 1583 585 Sed
1600 560 1646 586 ne
1663 548 1726 585 has
1743 548 1900 598 quidem

297 610 377 647 satis
401 617 526 647 tenues
556 607 623 646 effe
651 609 844 658 pergebat,
880 617 941 646 aut
965 607 1181 657 respondere
1208 606 1391 645 subtilitati
1415 606 1630 645 ultimorum
1665 607 1895 645 vasculorum

293 670 461 707 cerebri:
501 668 576 705 dari
596 679 685 717 ergo
712 666 975 717 proculdubio
998 667 1086 704 ahos
1118 668 1225 704 etiam.
1250 666 1478 704 vasculorum
1506 666 1652 704 ordines
1669 695 1678 709 ‚
1713 673 1892 716 perpetuo

301 729 524 775 diminutos,
556 739 716 778 quorum
740 728 841 776 prior
867 738 913 767 eX
939 728 1047 764 tertio
1071 737 1208 775 genere
1234 725 1488 763 ¹arteriolarum
1504 754 1514 768 ‚
1548 725 1768 775 pellucidam
1800 725 1894 775 lym-

294 787 408 838 pham
432 787 587 835 vehente
606 786 767 824 nascatur
783 814 792 829 ,
826 798 872 823 ex
893 798 937 824 eo
959 798 1046 823 vero
1066 784 1231 835 quintam
1254 784 1359 824 aliam
1377 784 1626 822 arteriolarum
1645 783 1786 822 claffem
1808 795 1895 833 pro«

300 847 376 884 dire
392 876 401 891 ‚
433 847 566 884 iterum
585 845 763 884 subtiliori
788 845 937 883 humori
960 845 1196 887 destinatam,
1231 856 1350 893 neq-ue
1375 843 1486 882 finem
1509 843 1767 894 progreffionis
1790 855 1894 893 repe-

299 907 360 945 riri
376 934 386 949 ,
420 905 676 955 aut-ultimum
700 904 926 943 vasculorum
950 917 1067 953 genus
1092 906 1284 953 cognitum
1307 902 1382 942 effe.

359 965 492 1002 Novos
516 964 608 1001 adeo
630 976 768 1002 errores
790 963 863 1001 loci
878 992 892 1007 „
934 965 977 1001 ἅ
1009 963 1312 1001 inflammationes
1338 975 1418 1001 non
1443 963 1567 1001 rubras
1596 963 1712 1006 nasci,
1749 963 1902 1012 quoties-

298 1024 409 1062 flavus
433 1025 568 1062 humor
597 1026 613 1071 (
632 1024 687 1070 a)
720 1023 966 1061 arteriolarum
994 1023 1189 1061 serosarum
1209 1051 1222 1065 .,
1261 1024 1302 1059 in
1325 1022 1464 1060 *vascula
1487 1022 1678 1071 pellucidae
1696 1024 1862 1071 inpingat
1879 1049 1891 1064 ‚

299 1092 407 1133 atque
432 1085 471 1120 in
496 1095 629 1121 veorum
654 1083 823 1131 angustiis
851 1084 1070 1124 retineatur,
1110 1082 1213 1132 quale
1240 1081 1315 1119 fere
1347 1081 1390 1119 fit
1419 1080 1556 1121 flavum
1584 1081 1673 1119 illud
1706 1080 1903 1131 erysipelas,

297 1143 416 1191 (h),
454 1142 570 1191 qualia
589 1141 676 1179 flava
710 1141 767 1178 fila
796 1141 877 1180 sunt
904 1143 943 1179 in
969 1142 1092 1190 lingua
1113 1170 1122 1184 ,
1159 1141 1245 1178 mali
1268 1140 1426 1190 praesagii
1450 1141 1462 1181 (
1480 1153 1497 1178 c
1512 1142 1528 1189 )
1545 1169 1554 1184 ,
1590 1153 1750 1191 quorum
1776 1151 1901 1190 nuper=

298 1202 395 1239 triste
419 1201 629 1250 exemplum
649 1200 746 1244 vidi,
782 1213 866 1238 cum
887 1202 924 1238 in
947 1200 1166 1250 dysenterica
1190 1200 1324 1238 femina
1347 1207 1422 1238 tota
1447 1200 1574 1249 lingua
1601 1202 1700 1238 croci
1725 1200 1899 1238 colorem.

289 1261 454 1300 referret.
490 1260 562 1298 Sed
581 1262 688 1298 etiam
713 1259 892 1297 mensium
918 1271 1136 1299 croceorum
1165 1258 1332 1309 exempla
1353 1261 1586 1309 reperiuntur
1610 1258 1667 1312 (d
1683 1260 1715 1306 >2

753 1373 793 1414 §-
827 1367 870 1408 X
885 1367 927 1407 X
941 1367 984 1407 X
996 1368 1025 1407 Ι.
1087 1367 1424 1417 Animadversiones.

346 1479 527 1529 ’'Sequitur‘'
546 1507 556 1522 ‚
586 1486 635 1518 ut
656 1479 908 1529 exploremus,
943 1478 1031 1527 quid
1055 1480 1092 1515 in
1113 1478 1180 1516 hac
1208 1478 1300 1516 adeo
1329 1478 1492 1528 elegante
1508 1507 1517 1521 ‚
1551 1479 1589 1516 Sc
1620 1477 1712 1516 adeo
1737 1478 1895 1527 gratiosa·

289 1537 436 1576 ‘theoria
463 1538 558 1576 firmi
587 1538 637 1577 fit.
684 1539 727 1579 Et
752 1538 828 1576 vasa
846 1537 996 1587 quidem
1027 1539 1143 1576 rubris
1170 1540 1313 1576 minora
1337 1539 1463 1588 utique
1489 1551 1600 1576 nemo
1627 1540 1799 1586 rejecerit.
1845 1536 1891 1589 In
1942 1572 1945 1575 .

298 1598 493 1636 oculorum
507 1598 639 1636 fabrica
649 1601 761 1636 unico
772 1598 874 1647 plura
888 1597 1053 1647 exempla
1069 1597 1159 1635 sunt.
1181 1597 1278 1634 Nam
1295 1598 1331 1635 ἃ
1353 1598 1451 1635 iridis
1465 1597 1643 1646 pellucIda
1655 1597 1791 1636 vaseula
1802 1607 1890 1635 nota

295 1657 377 1694 sunt
392 1685 401 1699 ‚
435 1658 472 1694 δε
487 1659 617 1706 pariter
639 1657 831 1700 decolora,
867 1669 946 1706 quae
973 1659 1011 1694 in
1036 1669 1104 1694 ove
1125 1658 1275 1694 minime
1292 1656 1441 1694 obscura
1459 1656 1504 1693 de
1532 1658 1645 1694 retina
1673 1658 1711 1693 in
1736 1648 1892 1697 vitreum

295 1715 491 1753 humorem
521 1717 655 1754 abeunt
675 1717 690 1768 (
709 1729 726 1754 e
743 1714 759 1766 )
776 1745 785 1759 ,
821 1717 856 1754 &
884 1716 1034 1754 demum
1060 1716 1198 1753 vascula
1227 1715 1435 1764 crystallinae
1465 1715 1596 1759 lentis,
1643 1715 1891 1765 cujuscunque

297 1774 448 1812 demum
470 1777 620 1824 originis
646 1789 685 1813 ea
708 1776 850 1814 fuerint.
889 1775 1021 1825 Neque
1040 1779 1138 1812 enim
1167 1776 1296 1813 rubros
1319 1774 1492 1824 globulos
1509 1804 1518 1818 ‚
1556 1777 1662 1813 etiam
1686 1774 1887 1819 solitarios,

288 1833 568 1883 *pellucidissima
586 1835 662 1872 haec
683 1847 819 1889 orggna
846 1834 964 1872 subire
989 1835 1176 1883 probabile
1200 1834 1240 1871 fit
1257 1862 1266 1876 ‚
1304 1847 1462 1883 quorum
1492 1841 1569 1872 tota
1598 1834 1730 1872 utilitas
1756 1836 1794 1871 in
1817 1834 1891 1872 dia-

297 1892 416 1942 phana
438 1895 593 1943 puritate
620 1896 781 1943 ponitur.
828 1892 898 1931 Sed
926 1905 1045 1942 neque
1066 1895 1210 1930 corticis
1235 1894 1374 1930 cerebri
1399 1892 1536 1930 vascula
1552 1921 1561 1935 ,
1602 1905 1681 1942 quae
1706 1893 1901 1942 liquoremf

289 1964 475 1990 ,nerveum
499 1952 718 1995 secernunt,
754 1953 884 1990 rubros
915 1951 1088 2001 globulos
1117 1953 1276 2001 recipere
1303 1959 1453 1990 autumo
1470 1980 1479 1994 ,
1523 1963 1608 1989 cum
1634 1963 1679 1989 ex
1713 1951 1890 1999 ejflsmodi

300 2010 409 2050 craffo
438 2012 596 2050 humore
627 2012 746 2050 subito
775 2013 945 2050 omnium
970 2010 1214 2050 tenuissimum
1236 2013 1400 2060 generari
1420 2023 1498 2048 non
1531 2013 1606 2049 veti
1631 2009 1743 2048 fimile
1770 2011 1889 2064 videa-

1564 2076 1580 2091 ·
1818 2077 1886 2109 tur.

391 2186 405 2222 >
426 2184 511 2216 Conf.
534 2186 595 2217 Lib.
618 2186 673 2217 VI.

400 2228 411 2263 )
435 2227 526 2264 Inflit.
551 2229 592 2255 rei
615 2228 698 2257 Med.
731 2237 758 2257 n.
780 2237 847 2264 245.
870 2233 936 2263 246.

403 2268 415 2302 )
440 2264 595 2304 Aphorifin.
628 2269 660 2296 de
687 2266 792 2306 cognofi
821 2269 859 2304 &²
889 2272 1010 2300 cto-and.
1045 2271 1134 2301 morb.
1160 2279 1189 2300 n.
1227 2277 1305 2309 379..
1336 2273 1404 2307 380.
1431 2269 1517 2300 Prax.
1549 2269 1621 2299 med.
1654 2266 1691 2299 T.
1714 2267 1752 2299 Il.
1779 2265 1824 2306 IL:
1839 2276 1886 2305 25«.

396 2317 411 2336 Ρ
426 2317 446 2336 H
462 2317 480 2336 A
500 2314 530 2337 Ν.
562 2308 590 2337 H
604 2318 622 2337 Α
636 2318 676 2337 ιη
689 2319 700 2338 s
721 2309 870 2347 lvaemastat.
897 2319 923 2347 p.
945 2314 1010 2346 169.

401 2350 412 2384 )
433 2347 468 2377 G.
490 2348 737 2378 v.Swrr·:>rEN
767 2349 800 2379 T.
827 2356 848 2386 1.
874 2359 900 2386 p.
930 2354 998 2388 ⁶44·

401 2389 413 2424 )
436 2386 467 2418 V
480 2400 489 2417 ι
504 2399 521 2417 R
535 2399 544 2417 1
561 2399 579 2417 n
593 2399 608 2418 a
623 2398 643 2418 T
670 2390 710 2418 du
733 2391 787 2418 bon
809 2391 878 2418 chile
907 2399 934 2427 p.
951 2400 1018 2430 407.

399 2430 409 2465 )
448 2448 454 2458 ,
467 2438 485 2457 Α
501 2438 521 2456 κ
535 2439 552 2457 z
568 2439 587 2458 o
601 2439 648 2458 Νι
671 2420 864 2468 animadvers
889 2438 935 2467 75.

392 2470 404 2506 )
454 2470 519 2501 rim.
541 2470 593 2502 lin.
614 2468 756 2517 plajfiolog.
780 2479 810 2502 n.
835 2479 903 2508 5¹9·

428 2428 452 2499 “ou-⁴
