2003 2748
328 141 411 175 410
587 97 590 100 ⁴
837 125 1157 166 LIBIV.
1223 126 1401 166 COR:

760 239 791 280 ἓ.
827 225 929 275 XV.
996 235 1131 273 Earum
1158 234 1339 273 Venarum
1358 233 1497 283 Pulsus.‘

386 344 483 393 Ergo
505 345 542 382 in
562 356 689 382 venam
715 344 964 394 pulmonalem
990 344 1132 392 sanguis
1156 343 1273 381 dextri
1297 343 1490 380 ventriculi
1508 342 1628 380 cordis
1659 343 1827 392 recipitur
1844 371 1853 386 ,
1891 347 1928 382 &

328 417 392 454 per
412 416 489 441 eam
509 403 628 441 versus
649 402 765 441 finum
790 402 966 441 sinistrum
986 403 1213 441 convehitur.
1247 401 1345 439 Paria
1365 414 1452 439 vero
1471 414 1569 439 nunc
1594 402 1639 438 de
1657 414 1695 439 ea
1717 414 1805 439 vena
1825 430 1834 443 ‚
1868 402 1930 440 de-

328 475 399 512 que
424 462 657 500 finufinistro
679 491 688 505 ,
727 464 763 499 ὃς
783 462 987 500 ventriculo
1004 461 1163 503 finistro,
1193 462 1229 498 ἃ
1258 468 1357 498 aorta
1379 461 1575 510 repetenda
1595 460 1675 498 sunt
1698 489 1708 502 ,
1741 461 1858 510 qualia
1883 461 1928 499 de

327 522 445 559 dextri
456 521 571 560 lateris
587 534 694 564 vena,
730 522 906 564 auricula,
936 522 970 558 δι
991 521 1215 562 ventriculo,
1241 521 1277 556 δε
1299 521 1425 558 arteria
1449 520 1647 569 pulmonea
1666 519 1834 557 diximus.
1875 520 1928 558 Si-

326 581 476 618 niillima
496 584 593 618 enim
619 581 693 618 duo
720 580 905 630 systemata
922 609 931 623 ,
968 580 1044 618 duo
1065 579 1161 629 quafi
1183 579 1293 616 corda
1319 577 1505 622 efficiunt,
1542 579 1673 627 quibus
1691 591 1754 627 per
1781 579 1928 628 pulmo-

325 651 412 676 nem
441 640 621 689 sanguinis
647 647 870 677 commeatus
896 640 1097 676 intercedit.
1135 637 1256 686 Ergo,
1290 639 1343 675 uti
1370 650 1469 674 venae
1496 649 1590 675 cavae
1614 649 1729 686 prope
1749 649 1812 675 cor
1838 650 1927 676 con-

325 699 450 737 trar'tssi
471 701 505 736 vi
520 699 701 747 gaudent,
729 700 776 736 ita
793 710 891 736 venae
906 697 1135 747 pulmonales
1151 698 1281 746 pariter
1298 695 1484 733 evidenter
1501 695 1763 734 contrahuntur
1775 724 1786 742 ‚
1808 696 1928 735 suum-

326 770 397 807 que
425 758 634 807 sanguinem
660 757 826 796 infinum
852 757 1046 806 expellunt.
1085 755 1160 798 Ita,
1198 755 1278 804 post
1305 755 1549 802 conjefturam
1581 754 1633 792 Ill.
1663 754 1707 801 (l
1721 752 1733 795 )
1758 757 1847 799 viri,
1890 757 1927 794 Sc

325 817 408 866 post
425 819 603 867 anonymi
628 817 769 855 dudum
792 817 981 855 oblivione
1008 814 1158 865 pressam
1189 814 1479 852 adfirmationem
1509 816 1577 862 (m
1593 814 1609 860 )
1625 842 1634 856 ,
1676 814 1819 863 pulsum
1851 817 1927 863 ejus

324 888 425 913 venae
440 905 449 919 ,
480 889 591 925 quem
603 888 681 914 non
691 876 806 914 visum
835 875 851 913 I
866 889 886 912 L
902 888 933 913 L.
963 877 994 913 A
1008 889 1031 912 R
1045 887 1064 912 c
1080 888 1106 912 Η
1120 887 1132 911 1
1148 886 1170 910 Α
1183 886 1207 910 Τ
1223 885 1242 910 E
1258 886 1280 910 R
1305 873 1419 921 sagaci
1434 874 1625 911 ratiocinio
1647 872 1847 916 divinavit,
1889 876 1928 911 in

323 937 578 983 nuperioribus
609 936 698 972 meis
729 934 930 972 calidorum
966 934 1175 971 animalium
1202 931 1436 970 incifionibus
1473 933 1628 970 omnino
1646 959 1655 974 ,
1706 933 1742 969 δι
1771 934 1926 982 repetito

323 993 407 1031 vidi.
443 993 559 1032 Pulsat
576 995 651 1042 ejus
680 1006 798 1031 ramus
812 1022 821 1036 ‚
860 995 923 1042 qui
947 993 1076 1030 lobum
1099 992 1285 1041 pulmonis
1308 991 1426 1028 bestiis
1456 993 1648 1040 proprium
1668 991 1741 1029 adit
1762 1019 1771 1034 ‚
1809 992 1925 1041 pulsat

323 1064 414 1090 vena
441 1054 628 1102 pulmonis
660 1052 807 1094 sinistri,
835 1054 873 1089 in
898 1064 937 1090 ea
960 1059 1037 1090 tota
1063 1050 1144 1090 sede
1162 1080 1171 1094 ,
1208 1050 1287 1089 satis
1315 1050 1449 1099 longa,
1499 1062 1569 1100 qua
1596 1050 1693 1088 nuda
1710 1052 1748 1088 in
1764 1051 1924 1090 duorum

322 1111 537 1149 lobulorum
563 1112 752 1149 intervallo
770 1113 914 1149 eminet.

383 1170 536 1209 Perinde
547 1173 665 1213 etiam,
684 1164 733 1209 ⁴ut
751 1172 789 1207 in
801 1183 884 1208 cava
899 1182 1000 1213 vena,
1021 1170 1140 1220 pulsus
1156 1182 1329 1207 venarum
1349 1169 1616 1219 pulmonalium
1632 1169 1768 1208 diutius
1780 1198 1790 1212 ,
1813 1181 1924 1220 quam

322 1229 488 1267 auriculae
506 1258 515 1271 ‚
548 1237 608 1268 aut
634 1229 729 1268 finus
752 1237 875 1267 motus
895 1229 1072 1278 superest,
1113 1230 1149 1266 &
1180 1232 1321 1278 pergit,
1376 1240 1451 1277 quo
1483 1236 1650 1277 tempore
1676 1230 1712 1264 δε
1741 1241 1830 1272 cor,
1887 1231 1924 1267 δε

323 1287 419 1325 finus
430 1287 555 1325 finistri
579 1289 694 1327 lateris
718 1288 857 1326 dudum
875 1290 1020 1338 quievit.
1070 1289 1106 1326 Si
1135 1300 1253 1324 aerem
1279 1287 1455 1324 inflaveris
1472 1316 1481 1330 ‚
1521 1287 1672 1336 perinde
1688 1299 1736 1325 eae
1753 1300 1853 1326 venae
1865 1300 1922 1326 ae-

321 1359 399 1384 rem
427 1348 465 1383 in
493 1346 610 1385 smum
640 1347 817 1385 finistrum
842 1349 1060 1396 exprimunt.
1110 1346 1247 1384 Senfim
1275 1353 1396 1384 tamen
1423 1347 1568 1384 brevior
1593 1358 1673 1395 pars
1707 1358 1806 1384 venae
1827 1376 1837 1390 ,
1884 1348 1922 1384 δε

320 1404 412 1444 firi-ui
425 1408 577 1456 propior
591 1435 601 1450 ,
635 1406 707 1444 sola
719 1406 841 1457 pulsat.
877 1405 1026 1444 Bihorio
1044 1407 1080 1443 ὅτ,
1096 1405 1186 1444 ultra
1201 1405 1308 1463 hujus
1320 1417 1420 1443 venae
1431 1405 1576 1455 pulsum
1601 1404 1806 1455 superfuisse
1828 1406 1916 1445 vidi.

811 1519 843 1560 ᾗ.
889 1514 930 1554 Χ
945 1514 981 1553 V
997 1515 1022 1553 I.
1090 1515 1136 1553 Et
1148 1513 1283 1562 sinistri
1313 1513 1421 1552 Atrii.

379 1623 462 1662 Post
478 1636 585 1662 venas
601 1624 827 1673 pulmonales
844 1653 853 1667 ‚
895 1625 990 1662 finus
1009 1624 1162 1667 sinister,
1197 1636 1282 1662 cum
1298 1623 1498 1674 adpendice
1510 1653 1520 1668 ,
1544 1636 1562 1662 a
1579 1623 1751 1674 sanguine
1766 1632 1917 1676 recepto

321 1683 513 1726 distentus,
549 1684 583 1720 &
603 1685 776 1727 irritum,
811 1685 1043 1722 contrahitur.
1079 1683 1194 1721 Etiam
1216 1683 1287 1734 ipse
1311 1683 1398 1722 duas
1413 1686 1485 1722 vias
1510 1691 1645 1733 apertas
1678 1685 1809 1729 habet,
1854 1698 1918 1735 per

319 1753 407 1790 quas
436 1742 645 1790 sanguinem
671 1745 834 1781 emittere
848 1744 965 1792 potest
982 1772 991 1786 ,
1028 1743 1215 1792 pulmonis
1241 1755 1370 1786 venas,
1403 1744 1439 1780 &
1457 1743 1699 1781 ventriculum
1722 1743 1910 1782 finistrum.

317 1797 416 1848 Ergo
442 1801 479 1836 in
504 1801 588 1837 vivo
609 1801 760 1837 animale
789 1802 901 1839 inciso
919 1831 928 1844 ‚
964 1802 1114 1850 perinde
1148 1804 1200 1839 uti
1219 1804 1257 1839 in
1280 1814 1408 1839 venam
1437 1814 1559 1840 cavam
1575 1830 1585 1844 ,
1632 1814 1711 1850 pars
1736 1803 1916 1851 sanguinis

318 1857 412 1896 finus
438 1858 554 1895 dextri
577 1858 761 1907 repellitur
781 1888 789 1901 ‚
822 1861 869 1897 ita
896 1863 933 1896 in
960 1871 1064 1896 venas
1091 1860 1315 1908 pulmonales
1345 1872 1424 1908 pars
1451 1860 1629 1907 sanguinis
1661 1860 1786 1897 sinistri
1816 1860 1913 1899 finus

318 1919 536 1965 retroagitur
552 1945 561 1959 ‚
594 1929 658 1966 per
683 1918 855 1966 pollicem
888 1919 924 1955 ὃς
945 1917 1231 1967 sesquipollicem
1260 1919 1298 1954 in
1323 1918 1391 1955 fele
1406 1946 1415 1960 ‚
1463 1920 1573 1967 inque
1612 1930 1650 1955 ea
1672 1931 1763 1956 vena
1788 1920 1916 1958 diasto-

317 1972 375 2012 len
397 1975 583 2025 pulsumve
599 1977 747 2019 excitat,
781 1977 816 2013 &
834 1977 942 2026 paulo
959 1976 1057 2026 post,
1089 1989 1108 2013 a
1123 1976 1302 2014 contracta
1315 1988 1405 2013 vena
1424 1975 1514 2014 finui
1531 1976 1702 2015 redditur.
1737 1977 1770 2015 Is
1792 1978 1913 2017 fluxus

319 2035 355 2071 &
377 2034 533 2073 refluxus
558 2037 596 2072 in
622 2035 706 2073 sano
728 2035 878 2073 animale
893 2064 902 2078 ‚
943 2037 979 2073 ἃ
1000 2035 1145 2073 thorace
1178 2035 1295 2073 clauso
1317 2064 1326 2078 ‚
1373 2036 1498 2073 locum
1524 2037 1644 2074 minus
1668 2036 1800 2074 habet:
1837 2038 1912 2075 san-

317 2096 399 2140 guis
423 2096 517 2131 enim
533 2122 541 2136 ‚
578 2095 639 2143 qui
661 2094 704 2131 de
725 2094 901 2143 pulmone
925 2106 988 2143 per
1005 2107 1113 2132 venas
1136 2096 1210 2142 ejus
1233 2094 1371 2132 visceris
1388 2095 1504 2137 redit,
1535 2095 1678 2133 videtur
1698 2095 1911 2144 sanguinem

319 2152 363 2186 de
381 2152 456 2190 sinu
473 2151 608 2189 sinistro
630 2153 830 2191 rediturum
854 2153 1041 2196 sustinere,
1075 2155 1110 2190 ὃς
1131 2153 1304 2195 resistere,
1340 2166 1386 2191 ne
1401 2153 1527 2192 fluctus
1544 2154 1641 2192 vitali
1656 2154 1797 2192 flumini
1821 2168 1911 2193 cona

317 2214 440 2249 marius
470 2213 659 2249 exoriatur.
705 2211 747 2249 In
780 2212 932 2250 animale
957 2212 1069 2249 inciso
1085 2213 1213 2261 pulmo
1244 2212 1449 2262 conpressus
1465 2225 1565 2251 venae
1591 2213 1658 2251 suae
1680 2214 1769 2251 nihil
1788 2217 1907 2252 mittit.

375 2269 517 2306 Verum
544 2269 695 2308 alterum
725 2273 811 2314 iter,
848 2276 989 2310 naturae'
1009 2274 1230 2310 conveniens
1249 2300 1260 2316 ‚
1310 2273 1348 2309 in
1373 2272 1550 2312 sinistrum
1578 2273 1819 2313 ventriculum
1852 2287 1912 2323 pa-

1829 2340 1880 2372 tet
1895 2360 1905 2375 2

357 2382 434 2415 (i)
459 2382 601 2412 SENAC
632 2383 666 2412 T.
690 2383 712 2412 I.
737 2394 764 2421 p.
795 2393 860 2422 310.

356 2423 434 2460 qm)
458 2421 493 2453 In
523 2423 668 2455 Oeconom.
693 2426 807 2458 animal.
836 2426 944 2458 Goudae
969 2435 1005 2459 an
1032 2429 1117 2467 ¹685.
1147 2428 1221 2462 edita
