2003 2748
342 190 424 227 '220
615 182 741 225 LIB.
790 184 886 224 III.
953 184 1300 226 CIRCUITUS
1342 180 1702 227 SANGUINIS',·

340 283 487 321 tricuius
513 282 555 318 ab
580 280 732 330 expuffis
755 283 795 318 iis
820 280 907 318 duas
923 282 1044 319 uncias
1072 289 1262 319 evacuatur
1286 283 1321 319 δε
1342 283 1456 318 inanis
1479 281 1537 324 fit,
1567 289 1628 319 aut
1648 288 1742 319 certe
1753 282 1929 333 exiguum

338 343 410 384 est,
448 341 547 390 quod
580 343 615 377 in
643 341 764 389 aliquo
796 341 915 378 cordis
943 340 1074 378 recessu
1099 340 1282 390 reliquum
1311 341 1428 378 haeret.
1462 340 1560 378 Nam
1585 353 1704 390 neque
1728 353 1792 379 cor
1816 343 1929 392 quies-

338 408 458 442 Ceret,
481 399 662 437 iiamuito
676 400 846 447 sanguine
867 399 1108 442 lacesseretur,
1137 413 1254 449 neque
1281 402 1319 438 in
1347 401 1559 438 animalibus
1586 400 1758 449 pellucidi
1781 402 1898 438 cordis
1914 430 1928 449 a

335 461 446 508 inque
467 459 593 507 pullo,
631 461 692 508 qui
722 472 796 496 ovo
820 461 990 497 incubato
1022 461 1230 497 continetur
1250 489 1259 503 ,
1303 459 1437 508 aliquid
1465 458 1636 508 superesse
1666 460 1804 509 potest,
1844 472 1930 499 cum

335 518 416 567 post
440 518 579 567 pulsum
603 519 755 567 perfect-e
778 518 996 568 expallescat.
1032 518 1074 556 Et
1100 518 1123 555 fi
1149 518 1291 567 singulo
1308 519 1409 568 pulsu
1429 519 1563 568 aliquid
1582 520 1728 556 retineri
1749 531 1925 568 ponereS,

336 577 425 614 nihil
455 578 538 614 inde
564 589 690 616 contra
719 590 791 615 nos
811 578 1022 627 sequeretur.
1060 578 1130 615 Vel
1156 581 1253 616 enim
1273 579 1333 619 id,
1375 578 1476 627 quod
1496 577 1667 627 superstes
1697 577 1763 616 esse
1782 580 1850 621 ais,
1891 579 1930 616 in

334 638 506 686 proximo
539 637 638 686 pulsu
664 639 777 674 exiret
793 666 802 679 ‚
843 645 881 674 ut
904 638 1130 675 tantumdem
1151 638 1282 687 reliqui
1310 637 1410 674 fieret
1426 639 1460 673 in
1477 637 1635 674 secundo
1659 637 1761 687 pulsu
1778 665 1788 679 ,
1817 649 1929 686 quan-

333 704 413 733 tum
430 698 466 732 in
480 698 599 745 primo
619 696 719 745 pulsu
735 697 834 734 cordi
854 696 948 733 haesit
962 725 970 739 ,
998 697 1032 733 δι
1050 705 1190 734 tantum
1211 697 1255 734 de
1268 698 1419 745 antiquo
1434 697 1605 745 sanguine
1623 696 1759 745 semper
1776 696 1820 734 de
1848 707 1929 733 cor-

333 755 377 792 de
391 756 585 804 expellatur
598 785 606 798 ‚
627 763 802 805 quantum
819 756 862 793 de
876 768 976 794 novo
994 763 1176 793 retentum
1193 756 1250 793 est.
1274 755 1343 793 Sed
1356 763 1443 793 tunc
1461 755 1594 792 eaedem
1613 756 1691 793 duae
1704 757 1818 794 unciae
1836 767 1928 804 quo-

331 814 419 852 libet
444 815 544 863 pulsu
566 815 609 852 de
629 815 739 852 corde
770 816 932 852 exibunt.
970 814 1039 852 Vel
1071 828 1169 864 pone
1198 817 1235 852 in
1270 815 1435 865 quolibet
1460 814 1564 864 pulsu
1594 815 1729 864 aliquid
1754 817 1790 851 in
1813 815 1927 852 corde

333 885 477 911 manere
503 904 511 917 ‚
548 875 649 924 quod
677 878 782 912 etiam
808 877 979 924 proximo
1005 875 1106 923 pulsu
1132 887 1208 912 non
1234 874 1454 924 expellatur,
1485 883 1572 911 tunc
1591 876 1715 923 utique
1733 873 1927 911 undaesan-

331 936 453 981 guinis
488 933 645 971 arteriofi
687 947 724 971 ea
758 936 955 984 quantitate
999 934 1258 972 diminuentur.
1332 933 1402 971 Sed
1447 945 1544 984 pone
1587 932 1653 970 esse
1696 931 1927 978 drachmam;

331 992 356 1029 fi
394 995 431 1029 in
475 992 615 1041 finguio
654 993 755 1041 pulso
806 993 973 1036 drachma
1014 995 1050 1029 in
1095 994 1205 1031 corde
1256 1001 1376 1030 manet
1412 1020 1421 1034 ,
1498 993 1697 1029 manebunt
1739 993 1777 1028 in
1829 991 1927 1029 mille

330 1052 488 1101 pulsibus
526 1053 704 1090 drachmae
736 1053 859 1096 mille,
905 1060 1082 1101 quantum
1134 1052 1210 1093 ullo
1253 1052 1363 1089 corde
1387 1052 1567 1088 contineri
1599 1050 1697 1100 posse
1731 1050 1926 1089 ridiculum

333 1112 390 1148 est.
438 1111 490 1149 Sit
521 1114 625 1161 copia
667 1112 848 1160 sanguinis
891 1111 935 1149 de
976 1111 1088 1149 corde
1135 1113 1255 1161 primo
1306 1110 1408 1160 pulsu
1456 1109 1599 1160 expulsa
1631 1122 1653 1147 a
1674 1138 1683 1153 ,
1749 1103 1798 1147 'fit
1841 1110 1878 1146 id
1912 1137 1924 1152 ,

333 1171 434 1221 quod
460 1171 504 1208 de
532 1185 570 1209 ea
590 1171 685 1208 unda
707 1173 742 1209 in
767 1171 877 1208 corde
907 1170 1033 1208 reficiet
1053 1183 1098 1213 x,
1134 1170 1175 1208 fit
1208 1183 1229 1207 a
1253 1173 1299 1213 ÷
1318 1182 1344 1207 x
1380 1172 1551 1220 capacitas
1584 1169 1803 1212 ventriculi,
1842 1169 1927 1207 dico

333 1243 460 1268 omnes
484 1232 597 1268 undas
621 1231 798 1278 sanguinis
819 1230 896 1268 fore
924 1233 1116 1273 :aff-x
1144 1228 1214 1266 five
1244 1241 1344 1277 pares
1370 1237 1547 1267 contento
1576 1228 1776 1266 ventriculi.
1822 1227 1923 1274 Pone

331 1301 409 1326 non
443 1289 508 1326 eise
526 1318 534 1332 ‚
570 1302 753 1327 remanere
783 1291 821 1327 in
844 1289 955 1326 corde
988 1301 1032 1325 eo
1062 1290 1180 1337 primo
1210 1287 1313 1338 pulsu
1336 1300 1362 1325 x
1386 1316 1394 1330 ,
1429 1300 1497 1326 nec
1521 1290 1558 1325 in
1595 1289 1767 1337 proximo
1797 1289 1921 1329 exire,

331 1349 530 1386 manebunt
558 1349 716 1387 secundo
744 1348 847 1398 pulsu
872 1350 908 1385 in
936 1348 1045 1385 corde
1075 1359 1096 1383 2
1118 1361 1164 1390 x,
1196 1349 1303 1385 tertio
1332 1358 1347 1390 3
1377 1359 1425 1390 x,
1467 1348 1502 1385 ὃς
1525 1345 1716 1384 millesimo
1745 1357 1852 1382 1000
1879 1358 1920 1384 x.

330 1406 418 1445 Haec
443 1409 534 1445 adeo
565 1408 636 1447 fuse
660 1410 807 1458 repetii,
840 1409 923 1456 qui]
944 1405 1032 1444 alius
1060 1408 1209 1456 quidem
1229 1409 1281 1444 vir
1303 1406 1397 1445 Clar.
1426 1406 1528 1455 (m)
1562 1406 1803 1446 ventriculum
1831 1405 1919 1443 dex-

330 1474 427 1505 trum
454 1470 599 1516 negavit
619 1470 799 1509 evacuari,
834 1469 870 1505 &
891 1465 1078 1504 dimidiam
1106 1468 1316 1516 portionem
1342 1465 1521 1514 sanguinis
1548 1466 1675 1511 ejicere
1702 1465 1852 1508 docuit,
1891 1463 1917 1504 fi

329 1539 415 1564 cum
441 1525 578 1565 sinistro
609 1539 796 1576 compares
817 1540 826 1572 ;
872 1527 908 1563 ὃς
931 1526 1018 1563 alius
1048 1525 1105 1573 (η’
1124 1527 1143 1573 >
1170 1525 1288 1563 multo
1311 1525 1501 1568 illustrior,
1541 1537 1656 1574 nuper
1678 1536 1742 1562 cor
1758 1536 1834 1562 non
1857 1524 1918 1561 de,

327 1585 418 1635 pieri
447 1614 456 1628 ‚
520 1587 556 1623 ὃς
599 1587 643 1623 ad
686 1588 829 1624 unciam
870 1586 906 1622 in
955 1584 1097 1634 singulo
1137 1585 1239 1634 pulsu
1279 1586 1317 1621 in
1348 1584 1458 1622 corde
1494 1596 1638 1622 manere
1664 1612 1673 1628 ,
1735 1595 1854 1633 neque
1883 1595 1919 1620 a-

330 1645 400 1681 deo
439 1646 530 1682 reste
560 1646 651 1683 ultra
675 1648 820 1684 unciam
855 1657 921 1694 pro
941 1646 1112 1693 portione
1152 1644 1331 1693 sanguinis
1360 1643 1450 1683 sumi
1474 1672 1483 1686 ,
1536 1655 1645 1693 quam
1678 1642 1824 1692 singuiis
1851 1655 1918 1680 unq

329 1703 382 1740 dis
400 1715 462 1741 cor
481 1705 633 1753 expellat
650 1733 658 1747 ,
692 1705 837 1743 festinus
856 1705 1011 1741 omnino
1029 1703 1181 1753 scripsit,
1215 1705 1252 1740 in
1272 1715 1379 1753 quam
1396 1702 1545 1752 quidem
1563 1704 1798 1752 quantitatem
1817 1712 1916 1739 nunc

329 1774 408 1799 non
439 1765 605 1813 inquiro,
643 1765 678 1801 &
701 1767 805 1808 unice
823 1763 974 1801 ostendo
992 1792 1000 1805 ,
1038 1775 1294 1812 quamcunque
1321 1762 1502 1812 posueris,
1538 1770 1659 1800 tamen
1685 1761 1820 1800 undam
1844 1760 1917 1798 san-

329 1824 451 1869 guinis
474 1835 550 1861 non
574 1824 686 1859 minui
707 1851 715 1866 ‚
752 1825 787 1860 &
820 1823 889 1861 HA
905 1836 924 1858 R
940 1834 961 1858 v
978 1834 996 1858 ε
1015 1834 1025 1857 1
1044 1834 1063 1858 Α
1079 1834 1102 1860 N
1118 1834 1140 1858 U
1156 1834 1184 1858 M
1214 1823 1444 1860 ratiocinium
1472 1821 1618 1858 firmum
1644 1832 1796 1857 manere.
1843 1818 1917 1856 Ne-

329 1892 400 1930 que
425 1883 523 1918 enim
542 1881 616 1929 haec
644 1882 739 1920 unda
768 1882 948 1930 sanguinis
978 1880 1155 1917 semuncis
1190 1881 1263 1922 est,
1288 1882 1360 1917 *uti
1397 1892 1463 1929 pro
1493 1879 1552 1917 sua
1578 1879 1751 1917 modestia
1782 1877 1855 1915 HA
1874 1889 1917 1915 R-

328 1951 353 1977 ν
371 1953 389 1976 E
407 1953 417 1976 1
434 1954 482 1978 us
513 1941 631 1990 posuit
657 1943 707 1988 (ο
724 1941 743 1989 >
763 1970 771 1984 ,
814 1953 931 1989 neque
955 1939 1112 1976 dimidiae
1139 1939 1315 1977 drachmae
1336 1967 1344 1981 ,
1384 1947 1423 1977 ut
1445 1938 1606 1977 timidior
1630 1945 1756 1975 contra
1777 1937 1834 1979 sua
1856 1948 1917 1978 ex<-

329 2002 531 2048 perimenta
557 2000 612 2037 W
630 2013 649 2036 Α
667 2012 728 2036 Lm
746 2012 795 2037 us
825 2001 909 2047 (p)
925 2027 934 2041 ‚
971 1999 1042 2047 ipse
1068 1997 1170 2043 fassus
1186 2027 1195 2041 ‚
1236 1998 1437 2036 ventriculo
1465 2000 1559 2036 canis
1591 1997 1797 2035 semuncem
1828 2007 1918 2033 con-

330 2060 433 2096 tineri
465 2062 519 2106 (q
535 2061 573 2106 ),
608 2060 642 2095 &
665 2059 765 2096 testes
789 2059 971 2096 habiturus
1000 2058 1058 2104 (r
1077 2060 1093 2104 )
1110 2086 1118 2099 ‚
1154 2056 1177 2093 si
1205 2067 1273 2095 tres
1300 2057 1485 2095 drachmas
1514 2057 1693 2105 sanguinis
1722 2067 1767 2093 ex
1789 2057 1863 2103 eJ'us
1882 2067 1918 2091 a-

329 2112 469 2156 nimalis
493 2118 602 2155 corde
628 2131 704 2162 uno
728 2118 828 2167 pulsu
850 2117 981 2166 expelli
1016 2115 1203 2165 scripfiffet.
1250 2115 1379 2165 Longe
1410 2118 1529 2153 minus
1563 2116 1704 2165 guttula
1736 2116 1840 2153 unica
1872 2113 1917 2150 de

330 2178 439 2214 corde
468 2179 633 2225 ejicitur,
669 2180 721 2215 uti
746 2189 790 2214 ex
815 2177 882 2216 suae
907 2176 1148 2227 hypotheseos
1184 2177 1219 2214 vi
1247 2176 1388 2214 coactus
1411 2174 1530 2226 posuit
1550 2171 1707 2223 onlms
1732 2174 1794 2213 PR
1810 2185 1822 2210 1
1838 2184 1867 2208 m
1886 2183 1918 2208 1-

1795 2241 1913 2273 ROSE

369 2291 381 2325 (
415 2303 421 2319 ι
470 2292 505 2321 G.
536 2290 640 2328 Woffls.
672 2292 717 2322 W
732 2302 744 2321 r.
759 2303 776 2321 n
791 2304 806 2322 ε
821 2303 836 2320 ι,
856 2292 995 2331 plpfioloq.
1016 2291 1127 2330 rcfiarm
1154 2300 1180 2330 p.
1212 2300 1278 2330 107.

370 2332 381 2363 (
401 2343 420 2360 n
443 2339 448 2363 )
475 2331 580 2361 'fraite'
604 2334 642 2361 du
663 2343 735 2361 cce-'cr
756 2333 792 2363 T.
819 2334 839 2363 l.
861 2344 887 2371 p.
915 2339 979 2372 348.
1273 2330 1275 2333 ¹

370 2374 449 2407 (ο)
472 2372 488 2401 l.
516 2383 537 2401 C.
559 2379 651 2411 pgr.

370 2416 416 2451 (Ρ
440 2418 449 2448 )
475 2414 550 2452 ΕΜ-
580 2414 597 2443 1.
630 2425 657 2452 Ρ·
682 2424 730 2450 93·

370 2455 380 2489 (
402 2465 418 2493 q
446 2460 452 2484 i
476 2456 508 2482 il«.
537 2456 557 2483 C
573 2465 591 2483 n
609 2465 624 2483 A
641 2466 657 2484 ik
672 2466 714 2485 La
732 2465 807 2486 rot<
831 2457 863 2486 de
887 2460 968 2486 motu
987 2453 1141 2494 fimguinis
1158 2466 1188 2501 p.
1217 2466 1265 2497 91.

368 2497 412 2534 (r
432 2499 444 2532 )
468 2494 547 2526 Itium
573 2495 639 2529 ibid.
