2003 2748
279 161 366 206 443
815 146 1137 188 LIBIV.
1205 145 1387 189 COR.-

725 263 759 307 §-
795 258 936 298 XLIII.
1002 259 1183 310 ,Mensura
1203 258 1448 298 Bonum.

338 376 426 415 Haec
456 374 575 412 obiter
594 384 670 410 rem
696 370 938 409 consideranti
963 370 996 408 se
1019 370 1186 409 facillima
1210 370 1391 418 offerunt5
1432 368 1490 408 alii
1524 367 1609 408 clari
1634 369 1701 408 viri
1724 370 1903 413 minutius

279 450 358 477 rem
376 434 659 473 considerarunt.
693 430 737 469 Et
759 433 898 482 primus
915 431 1066 481 quidem
1083 430 1524 470 Iatromathematicorum
1541 430 1728 477 Johnnnes
1749 430 1907 481 Alphon-

267 498 337 547 sus
368 495 431 534 Bo
446 507 501 533 RE
516 495 536 531 t
551 506 571 531 L
586 506 609 530 υ
624 507 638 531 s
666 493 759 530 vires
785 491 905 529 cordis
927 493 972 529 ad
997 503 1172 530 numeros
1198 503 1372 529 revocate
1395 490 1537 529 adnisus
1564 491 1622 529 est.
1671 489 1737 529 Eas
1761 492 1910 541 ponde-

278 559 308 595 ri
343 568 356 592 1
370 562 422 598 80
442 584 451 599 ‚
487 566 571 591 000
593 553 768 591 librarum
791 551 944 601 aequales
965 551 1050 589 fecit
1069 564 1076 588 :
1116 551 1253 589 solebat
1274 558 1396 590 autem
1427 562 1473 588 eo
1507 550 1612 590 sunm
1633 551 1793 590 studium
1813 564 1912 591 con-—

277 624 418 655 vertere
432 644 441 658 ‚
476 622 517 653 ut
540 612 721 651 miraculo
742 613 936 661 proximos
961 623 1138 649 numeros
1164 612 1355 649 inveniret.

339 676 482 714 Verum
499 704 508 718 ,
548 682 588 712 ut
613 674 733 711 brevis
748 670 813 708 sim
827 700 835 714 ‚
873 671 1052 719 ejusmodi
1074 670 1358 709 fundamentum
1380 670 1432 710 sui
1453 670 1581 709 calculi
1609 670 1729 720 posuit
1749 700 1758 715 ,
1800 671 1910 722 quod

279 736 470 787 manifesto
492 734 618 772 falsum
650 731 718 770 effe
742 731 950 780 adgnoscas.
986 729 1245 769 Musculorum
1271 742 1405 780 nempe
1436 732 1531 768 vires
1559 738 1768 780 conparatas
1789 733 1828 769 in
1848 745 1911 770 ea-

279 799 365 836 dem
381 798 522 835 ratione
543 792 609 832 effe
630 792 695 831 fibi
713 790 856 834 sumsit,
890 793 928 828 in
945 802 1015 840 qua
1038 802 1167 828 eorum
1190 790 1356 841 pondera
1372 788 1473 829 sunt]
1498 789 1641 829 Verum
1663 789 1811 840 possunt
1827 803 1905 830 cer-

279 865 315 895 te
337 859 374 895 in
403 854 548 895 diversis
575 852 743 891 musculis
765 851 937 889 fibrarum
955 849 1193 888 diverfissimae
1217 852 1408 901 portiones
1428 849 1495 889 effe
1509 879 1519 893 ‚
1552 857 1594 889 ut
1618 849 1707 889 alius
1734 850 1805 889 alio
1821 851 1911 901 plus·

281 929 374 955 verae
396 917 536 958 carnis,
573 915 695 951 minus
720 924 809 950 vero
836 910 1050 953 tendinum,
1087 910 1227 959 adipis,
1266 910 1434 949 vasorum
1461 910 1612 953 habeat,
1647 923 1726 960 quae
1753 911 1905 961 quidem

281 976 433 1015 musculi
447 971 717 1024 acceslionesjad
730 973 804 1009 vim
816 969 1064 1010 contraitilem
1084 969 1175 1007 nihil
1193 970 1352 1015 faciunt,
1387 971 1423 1009 ὃς
1437 970 1584 1020 pondus
1597 971 1742 1008 interim
1754 974 1908 1021 augente}

280 1036 464 1075 Hactenus
489 1042 612 1074 tamen
628 1032 721 1070 recie
739 1031 856 1081 poscit
881 1031 936 1068 vir
964 1029 1055 1068 Clar.
1081 1029 1240 1068 summas
1268 1029 1333 1069 fibi
1360 1032 1453 1069 vires
1471 1030 1567 1074 dari,
1604 1043 1692 1081 quas
1718 1030 1807 1070 alius
1824 1032 1908 1081 qui-

282 1108 428 1147 cunque
452 1094 635 1134 musculus
658 1098 845 1134 exerceat,
893 1102 979 1128 cum
1007 1090 1128 1128 cordis
1151 1098 1278 1129 natura
1304 1091 1484 1130 irritabilis
1509 1091 1771 1141 plerorumque
1787 1120 1798 1134 ,
1843 1097 1912 1130 aut:

282 1159 451 1195 omnium
470 1184 478 1198 ,
508 1153 757 1193 musculorum
790 1153 863 1189 iim
885 1150 1102 1189 irritabilem
1123 1151 1273 1201 superet.
1325 1151 1428 1190 Poffe
1459 1164 1548 1189 vero
1572 1151 1730 1189 diversos
1757 1150 1909 1190 muscu-

281 1218 339 1255 los
365 1215 540 1255 diversam
567 1213 748 1252 irritabilis
770 1219 905 1250 naturae
924 1209 1020 1261 quafi
1037 1210 1140 1248 dosm
1161 1210 1361 1261 poslidere‚
1395 1212 1586 1250 manifesto
1610 1212 1780 1261 adparet,
1817 1222 1908 1249 cum-

281 1277 339 1316 alii
367 1289 385 1314 a
408 1276 568 1317 lumine,
599 1275 642 1312 ab
665 1286 744 1312 aere
761 1272 819 1310 alii
835 1300 844 1314 ‚
864 1272 908 1309 ab
924 1283 1015 1321 aqua
1034 1271 1227 1314 nonnulli,
1250 1272 1308 1309 alii
1320 1272 1472 1310 demum
1490 1284 1512 1309 ει,
1521 1271 1734 1309 fortioribus
1750 1270 1907 1309 demunt

281 1336 432 1375 stimulis
451 1337 488 1372 in
509 1343 655 1372 motum
679 1334 867 1371 ducantur.
920 1330 1101 1369 Caeterum
1120 1330 1146 1368 B
1160 1343 1182 1368 o
1198 1343 1221 1368 R
1235 1343 1254 1368 E
1269 1343 1290 1368 L
1307 1344 1327 1368 L
1340 1345 1363 1369 u
1379 1344 1393 1369 s
1427 1332 1447 1379 (
1464 1330 1522 1378 d)
1560 1330 1761 1368 refistentiae
1776 1358 1786 1373 ‚
1824 1342 1910 1380 quae

282 1397 402 1435 cordi-s
431 1395 611 1433 fuiiffioni
642 1393 786 1436 obstat,
834 1393 1015 1429 rationem
1048 1390 1199 1434 habuit,
1254 1403 1408 1441 eamque
1448 1389 1681 1429 resistentiam
1705 1388 1902 1439 sexagesies

282 1456 558 1506 multiplicatam
576 1466 643 1503 pro
666 1452 832 1490 mensura
855 1452 987 1489 virium
1006 1450 1127 1488 cordis
1142 1449 1272 1489 sumsit.
1308 1450 1406 1489 Vide
1427 1458 1468 1489 ut
1491 1452 1529 1488 in
1543 1449 1597 1489 Cl.
1624 1452 1742 1489 virum
1763 1448 1820 1499 Ju
1833 1462 1856 1488 R
1870 1462 1904 1487 1-

281 1529 305 1555 N
323 1530 373 1555 us
393 1516 494 1566 (e),
532 1515 568 1552 &
593 1513 653 1551 alii
685 1511 782 1563 (f),
828 1512 864 1548 &
892 1510 1037 1548 Carolus
1058 1509 1310 1549 ΜΑιουιΝ
1348 1511 1443 1559 (g)
1474 1510 1819 1553 animadverterint,
1863 1510 1903 1547 δε

282 1589 361 1628 quae
377 1588 446 1628 pto
474 1573 678 1613 excusando
707 1574 782 1622 ejus
807 1570 948 1611 calculo
961 1569 1130 1611 adtulerit
1150 1570 1225 1611 Cel.
1261 1569 1470 1624 Franczscns
1502 1569 1565 1610 Ro
1582 1583 1594 1609 ι
1613 1583 1628 1610 s
1640 1583 1656 1609 s
1670 1582 1683 1607 1
1697 1582 1718 1609 ε
1733 1583 1757 1608 R
1790 1568 1848 1620 (h
1864 1570 1904 1618 ).Δ

850 1687 882 1730 §—
917 1682 1093 1724 XLIV.
1159 1682 1367 1723 Knxtn:

343 1797 490 1835 Penitus
513 1798 735 1843 contrarium
760 1795 795 1834 K
810 1807 829 1832 E
843 1807 856 1832 1
870 1807 890 1832 L
905 1807 918 1831 1
937 1807 948 1831 1
976 1794 1138 1833 studium
1168 1795 1245 1833 fuit.
1279 1793 1345 1833 Uti
1368 1796 1467 1833 enim
1485 1793 1512 1833 B
1524 1807 1547 1833 ο
1559 1807 1583 1832 R
1595 1790 1614 1832 iz
1627 1806 1648 1831 L
1665 1806 1687 1831 L
1700 1805 1751 1830 vs
1780 1791 1900 1829 infinia

282 1864 357 1895 tam
377 1857 451 1894 fere
473 1857 593 1894 cordis
613 1857 686 1893 vim
706 1854 791 1891 fecit
805 1881 814 1896 ‚
855 1855 902 1889 ita
919 1853 964 1889 ad
990 1855 1115 1890 uncias
1133 1865 1211 1890 eam
1233 1853 1286 1890 Cl.
1308 1854 1372 1889 iste
1389 1853 1580 1890 Britannus
1601 1852 1804 1901 deprimere
1829 1850 1902 1888 stu-'

282 1918 369 1955 duit.
406 1917 442 1955 N
457 1928 522 1953 EW
534 1928 558 1952 T
573 1927 595 1952 o
607 1927 631 1952 N
648 1926 660 1950 1
674 1925 696 1950 A
709 1925 733 1950 N
750 1925 771 1950 u
787 1924 815 1948 m
843 1911 1033 1948 theorema
1058 1923 1127 1960 pro
1152 1910 1394 1948 fundamento
1418 1911 1468 1949 sui
1502 1910 1630 1948 calculi
1654 1910 1775 1959 posuit
1795 1938 1805 1953 ,
1854 1920 1900 1947 ex

283 1990 358 2027 quo
379 1976 580 2014 ostenditur
597 2003 606 2018 ,
643 1975 718 2010 vim
739 1982 999 2021 quamcunque
1013 1998 1024 2013 ‚
1057 1981 1137 2019 quae
1158 1968 1314 2008 fluidum
1333 1970 1584 2020 quodcunque
1605 1976 1751 2012 movet,
1783 1971 1902 2017 aequa-⁴

282 2040 312 2074 ri
335 2036 489 2086 ponderi
513 2033 667 2084 cylindri
690 2031 850 2080 ejusdem
882 2029 1009 2072 fluidi,
1045 2031 1147 2077 cujus
1175 2028 1264 2067 basis
1294 2028 1336 2066 fit
1360 2030 1503 2079 aequalis
1533 2029 1697 2072 orificio,
1745 2028 1900 2067 fluidum

285 2098 489 2138 emittenti,
529 2096 564 2133 δι
593 2092 748 2131 altitudo
775 2090 883 2140 dupla
905 2091 981 2137 ers
1006 2088 1228 2132 altitudinis,
1264 2101 1282 2127 a
1311 2100 1383 2139 qua
1399 2089 1529 2128 cadens
1552 2089 1652 2129 idem
1666 2089 1789 2139 liquor
1805 2100 1901 2126 eam-

1837 2147 1900 2197 ad:

326 2212 404 2248 (d)
428 2211 510 2242 Conf.
541 2211 774 2242 Romnum
800 2206 818 2237 l.
845 2216 869 2237 c.
898 2203 1015 2244 Propos.
1043 2215 1091 2245 71.
1119 2214 1166 2244 72,
1197 2216 1244 2246 73,

326 2256 338 2291 (
358 2266 370 2283 e
390 2255 402 2289 )
427 2251 715 2292 lestco-muthemat.
750 2247 808 2288 dzſj.
831 2257 858 2286 p.
879 2251 925 2284 67.

318 2297 339 2338 ·(
354 2294 402 2342 s.)
425 2294 475 2323 Lx
491 2306 509 2324 γ
526 2305 566 2324 st
583 2304 604 2323 R
619 2303 636 2322 υ
653 2302 665 2322 s
691 2292 775 2329 prim.
802 2291 852 2319 lin.
882 2298 949 2319 nov.
968 2287 1080 2327 system.
1107 2290 1178 2320 med.
1212 2298 1241 2320 n.
1267 2298 1296 2327 7.
1324 2288 1348 2327 J.
1378 2290 1446 2321 God.
1474 2289 1510 2320 de
1530 2289 1588 2321 HA
1603 2297 1657 2320 HN
1692 2283 1725 2318 de
1749 2288 1822 2322 aeris
1852 2291 1900 2319 ing

278 2336 383 2414 stuiagl
399 2333 695 2412 )ὥξ”ὸέἑὲῐξ’άοῗῒονρς
712 2370 814 2411 ffilides
840 2370 878 2406 {9⁹
897 2371 998 2407 fluides
1019 2370 1053 2400 οὰ
1080 2372 1135 2402 l’on
1160 2373 1290 2401 examine
1318 2372 1342 2401 le
1368 2378 1548 2402 mouvement
1577 2372 1617 2402 du
1641 2381 1723 2402 coeur.
1751 2371 1830 2406 Inter
1855 2382 1900 2407 te:

287 2418 422 2450 fissentias
446 2417 587 2447 numerari
606 2415 730 2451 objicit,
760 2422 829 2450 quas
855 2412 974 2441 omnino
1000 2412 1073 2442 inter
1099 2414 1174 2444 vires
1198 2413 1356 2444 numerasse
1375 2413 1534 2453 oportuerit
1557 2423 1586 2451 p.
1615 2421 1661 2449 57.

328 2461 341 2497 ί
362 2460 408 2498 b>
431 2456 588 2491 Introiluc‘l.
615 2466 644 2497 p.
667 2453 752 2487 XIX.
781 2453 861 2485 Vites
876 2462 927 2491 per
951 2462 1105 2488 numerum
1129 2464 1263 2496 rugarum
1287 2455 1380 2499 cordis
1417 2454 1608 2494 multiplicare
1633 2453 1723 2493 jubet,
