2003 2748
323 188 407 221 216
560 180 682 220 LIB.
716 178 815 219 III.
851 177 1662 222 CIRCUITUSSANG'UINIS.

323 290 443 327 neque
465 279 571 315 unice
602 277 782 325 sanguinis
804 274 926 313 venofi
946 277 1062 318 viam,
1097 275 1140 313 ad
1167 288 1231 314 cor
1257 276 1452 314 ducentem
1469 306 1478 320 ‚
1521 277 1581 314 sed
1602 284 1771 326 praeterea
1797 279 1911 318 effica-

325 339 416 375 ciam
433 337 476 375 ad
494 348 622 374 omnes
643 337 806 385 corporis
834 335 983 373 humani
1011 344 1127 385 partes
1150 336 1364 385 explicatam
1390 336 1651 376 demonstrant.

709 448 742 490 ς.
791 442 833 482 Χ
848 443 884 482 V
902 444 918 482 I
938 443 964 482 Ι.
1031 444 1077 483 Et
1104 443 1174 494 ipse
1198 444 1381 495 confirmat
1396 445 1521 484 oculus.

387 563 512 609 Quare
537 565 644 601 unice
673 562 769 600 aliud
796 563 1066 605 testimonium,
1103 565 1271 601 omnium
1304 577 1382 613 quae
1405 567 1478 614 peti
1493 563 1664 614 possunt,
1705 563 1913 602 manifestiss

327 622 455 662 fimum
471 652 480 666 ‚
514 624 679 660 excitabo
693 651 701 665 ,
737 621 772 661 H
785 634 808 659 Α
822 635 844 658 R
856 635 879 659 v
897 634 915 659 Ε
931 635 943 659 1
960 635 972 659 1
1005 635 1082 660 aevo
1109 623 1277 660 nondum
1302 633 1432 661 notum
1445 652 1453 667 ‚
1482 636 1566 661 cum
1580 624 1816 673 microscopia
1834 625 1916 673 qui-

328 683 410 719 dem
437 685 472 719 in
501 681 768 729 Italia-cognita
785 710 794 723 ,
834 682 1003 719 nondum
1023 690 1143 719 tamen
1169 682 1246 719 satis
1271 682 1432 720 familiari
1456 682 1521 720 usu
1546 695 1565 719 a
1589 683 1741 732 physicis
1765 684 1913 732 scripto-

327 743 426 779 ribus
448 741 605 779 adhibita
632 739 748 777 essent.
785 739 882 789 Ergo
900 740 1029 778 animal
1046 742 1315 790 quodcunque,
1345 743 1447 789 cujus
1462 741 1603 790 sanguis
1621 755 1683 791 per
1705 742 1778 779 vasa
1797 742 1913 794 Quens

327 801 517 850 pellucidis
545 800 755 838 velamentis
780 802 914 848 tegitur
932 828 941 843 ‚
979 800 1222 849 miscrocopio
1243 800 1448 848 subjicitur;
1475 801 1690 839 adhibentur
1712 810 1832 839 autem
1850 801 1912 838 fri-

328 861 412 908 gida
434 859 506 897 fere
534 860 698 897 animalia
713 888 723 902 ‚
761 871 873 902 ranae,
908 859 1049 902 lacerti,
1082 859 1218 908 pisces,
1247 872 1293 896 ne
1315 861 1427 908 frigus
1447 862 1534 897 aeris
1557 860 1691 897 admissi
1716 861 1912 898 humorem

330 919 472 955 vitalem
496 927 630 967 cogat,
665 920 715 956 uti
740 918 889 967 quidem
922 920 961 955 in
988 919 1200 956 animalibus
1231 919 1335 956 cal-idi
1363 920 1542 967 sanguinis
1571 920 1704 968 cogit(
1724 921 1780 965 c).
1812 918 1912 956 Con-

328 978 500 1016 fidei-etur
526 991 625 1015 nunc
652 978 805 1015 adtentis
831 977 970 1020 oculis,
1009 978 1044 1014 &
1075 978 1158 1020 diu,
1195 985 1302 1027 atque
1336 978 1529 1021 facillime,
1566 978 1642 1016 haec
1674 977 1915 1015 consideratio

330 1038 587 1080 continuetur,
624 1049 702 1086 quae
727 1036 805 1074 vasa
827 1038 865 1073 in
888 1036 1039 1073 animale
1065 1036 1157 1079 sint,
1202 1038 1237 1073 ἃ.
1266 1049 1335 1086 qua
1361 1039 1415 1074 via
1445 1037 1585 1086 sanguis
1610 1050 1673 1086 per
1698 1050 1738 1074 ea
1769 1037 1845 1074 vasa
1861 1027 1921 1074 fe:

329 1103 433 1133 ratur.
470 1096 666 1145 Adparebit
692 1096 766 1133 duo
798 1095 963 1133 vasorum
981 1107 1114 1144 genera
1141 1094 1207 1132 effe
1232 1096 1337 1144 (d),
1375 1095 1415 1134 δι’
1440 1098 1476 1133 in
1510 1098 1650 1145 priori,
1695 1097 1795 1146 quod
1824 1105 1914 1134 arte-

328 1157 462 1193 riarum
490 1154 642 1192 nomine
669 1154 915 1203 descripsimus
938 1183 947 1197 ‚
990 1154 1169 1193 crasssores
1201 1156 1370 1204 equidem
1401 1156 1625 1193 membranas
1658 1155 1749 1198 effe,
1794 1157 1829 1193 &
1863 1163 1914 1193 ta-

328 1228 415 1252 men
446 1214 682 1262 sanguinem,
714 1214 841 1263 rapido
868 1221 1053 1256 torrente,
1086 1227 1104 1252 a
1130 1215 1240 1252 corde
1265 1215 1308 1251 ad
1324 1216 1497 1252 minimos
1523 1227 1650 1252 eorum
1672 1215 1835 1267 vasorum
1860 1227 1912 1252 ra-

329 1280 411 1311 mos
432 1273 514 1310 ferri
540 1275 555 1320 (
572 1286 588 1310 e
603 1273 632 1321 ).
670 1273 806 1311 Contra
820 1273 961 1310 alterius
973 1275 1117 1321 generis
1139 1274 1247 1311 tubos
1266 1302 1275 1316 ‚
1304 1273 1440 1310 sodales
1460 1275 1624 1323 priorum
1637 1302 1645 1316 ‚
1680 1265 1850 1311 caeterum
1864 1274 1913 1310 la-

328 1335 439 1370 tiores
456 1361 465 1374 ,
500 1332 639 1369 saturati
657 1332 826 1375 ruboris,
860 1339 1064 1381 teneraeque
1086 1333 1303 1369 membranae
1335 1332 1472 1370 canales
1500 1331 1587 1375 effe,
1620 1334 1657 1369 in
1685 1333 1815 1382 quibus
1837 1332 1911 1369 san·-

329 1393 411 1441 guis
424 1393 578 1428 omnino
592 1392 773 1428 contrario
787 1391 894 1429 ductu
906 1404 923 1428 a
938 1392 1098 1428 minimis
1109 1393 1216 1428 ramis
1235 1393 1271 1428 in
1283 1400 1431 1430 truncos
1447 1421 1456 1435 ‚
1482 1404 1526 1429 ex
1542 1394 1676 1429 truncis
1692 1394 1727 1428 in
1749 1403 1811 1429 cor
1827 1391 1913 1429 fluat

329 1450 428 1499 (f).
466 1450 506 1488 Id
528 1452 818 1500 experimentum
843 1453 980 1499 primus
1006 1450 1203 1487 Marcellus
1234 1450 1313 1487 MA
1328 1463 1380 1488 LP
1396 1463 1406 1487 1
1423 1463 1485 1488 Gn
1502 1463 1513 1487 1
1530 1463 1551 1487 u
1567 1463 1580 1487 s
1611 1451 1762 1488 instituit
1796 1453 1850 1498 (g
1866 1450 1909 1495 ),'

329 1510 461 1546 deinde
482 1509 656 1558 Antonius
684 1522 715 1547 v.
746 1509 776 1547 L
789 1521 840 1546 EE
855 1522 875 1546 υ
889 1518 956 1547 w‘fi:
971 1521 995 1545 N
1009 1521 1033 1545 Η
1046 1522 1099 1546 οε
1114 1522 1133 1546 c
1147 1522 1169 1546 R
1200 1510 1219 1555 (
1237 1510 1259 1546 h
1277 1509 1314 1555 ),
1351 1511 1386 1547 &
1403 1522 1500 1548 nunc
1527 1509 1639 1558 vulgo
1655 1510 1800 1561 faciunt.
1833 1509 1913 1546 Nir-

327 1567 558 1606 ‘merofiffima
587 1571 692 1606 etiam
719 1581 790 1617 ego
817 1568 975 1617 pericula
993 1568 1060 1605 feci
1079 1597 1088 1611 ,
1127 1569 1163 1605 &
1185 1570 1305 1617 primo
1333 1570 1430 1606 oculi
1454 1569 1523 1606 istu
1539 1597 1548 1611 ,
1594 1570 1631 1605 in
1657 1568 1832 1619 pisciculis
1857 1569 1919 1605 in·-

326 1629 475 1680 primis,
512 1637 707 1678 utrumque
732 1627 897 1666 vasorum
918 1640 1033 1676 genus
1053 1640 1098 1665 ex
1118 1627 1297 1676 sanguinis
1317 1629 1443 1667 itinere
1465 1627 1637 1666 discerno.
1741 1619 1749 1625 ’

689 1740 721 1781 §-
757 1734 798 1773 X
810 1735 846 1773 V
857 1735 875 1774 l.
886 1735 902 1774 I
912 1735 941 1775 Ι.
1005 1734 1204 1783 Retraceffio
1216 1735 1406 1785 sanguinis
1428 1735 1556 1785 venosi..

324 1859 328 1864 ³
384 1843 526 1882 Verum
553 1857 671 1894 neque
694 1846 731 1881 in
748 1844 815 1882 hac
841 1844 921 1882 l'uce
950 1843 1241 1882 dissimulandum
1267 1845 1339 1887 est,
1381 1845 1568 1883 calumniae
1589 1844 1713 1882 locum
1726 1842 1913 1895 superesse„¹

325 1901 546 1953 Frequenter
575 1907 673 1942 enim
707 1906 861 1941 omnino
881 1903 1091 1951 sanguinem
1116 1905 1153 1940 in
1178 1903 1232 1941 his
1259 1904 1470 1941 animalibus
1504 1904 1647 1947 videas,
1695 1915 1757 1952 per
1781 1918 1836 1942 eas
1857 1907 1911 1954 ip-

325 1961 376 2000 sas
405 1963 552 2002 venulas
579 1963 623 2000 ad
645 1963 765 2000 cordis
796 1964 925 2000 vicinia
950 1962 996 1999 ad
1020 1969 1202 1999 extremos
1226 1961 1335 2006 fines,
1360 1975 1451 2012 aque
1472 1964 1608 2000 truncis
1625 1964 1661 1999 in
1681 1975 1800 2001 ramos
1823 1964 1910 2001 rela-

322 2020 364 2058 ‹bi
391 2024 477 2070 (i).
530 2022 700 2064 Deinde,
738 2024 791 2059 uti
813 2024 850 2058 in
877 2022 1012 2059 arteriis
1033 2050 1042 2064 ,
1079 2023 1126 2058 ita
1148 2023 1186 2058 in
1206 2023 1330 2064 venis,
1380 2022 1529 2071 perinde
1565 2022 1696 2058 crebrae
1720 2021 1910 2061 oscillatio-

325 2092 389 2119 nes
418 2082 615 2132 adparent,
650 2088 690 2120 ut
702 2081 854 2130 *sanguis
882 2080 969 2130 hocu
984 2080 1134 2130 quidem
1164 2082 1338 2130 temporis
1368 2087 1561 2120 momento
1587 2081 1753 2131 legitimo
1782 2083 1910 2119 itinere

1846 2150 1916 2190 per}

429 2255 442 2291 )
463 2257 569 2285 Second
591 2256 735 2286 Memoire
745 2252 801 2293 sur
818 2257 842 2285 le
859 2261 1035 2285 mouvement
1055 2256 1095 2285 du
1104 2253 1187 2294 sang·
1204 2255 1276 2294 Exp.
1306 2265 1359 2287 πο..

436 2296 448 2331 )
471 2296 533 2325 lbid
559 2296 628 2333 Exp.
663 2306 706 2330 59.
735 2303 784 2325 ⁶0.
813 2301 860 2326 61.
885 2301 921 2327 62
953 2301 998 2332 ⁶3.
1025 2298 1072 2333 64.
1102 2301 1149 2332 ὅς.
1176 2297 1236 2326 ἃς.

431 2337 443 2371 )
464 2335 535 2365 Sect.
560 2336 579 2365 l.
616 2346 641 2374 p.
665 2346 733 2364 zoz-
755 2338 782 2366 <Sc
806 2337 877 2374 Exp.
906 2347 961 2374 qua
987 2338 1148 2368 citavimus.

429 2377 442 2412 )
464 2376 536 2406 Sest.
561 2375 616 2406 Vl.
639 2377 676 2406 du
700 2378 802 2406 Second
823 2379 972 2409 Memoire.

433 2417 444 2449 )
468 2416 500 2445 ln
520 2418 651 2454 posthum.
684 2426 712 2453 p.
738 2427 786 2453 9¹·

401 2467 414 2484 J
432 2458 443 2492 )

467 2456 588 2492 Passim,
623 2459 649 2487 ἃ
679 2458 706 2487 in
731 2466 820 2494 exper.
842 2457 881 2494 ἓξ
898 2459 1074 2496 contemplat.
1101 2458 1182 2498 Epzst.
1213 2466 1280 2491 112·
1306 2460 1371 2492 ἀίξ-

366 2254 410 2290 (c

366 2296 416 2331 (d

366 2336 378 2371 (
397 2345 409 2363 e

364 2376 378 2412 (
396 2374 416 2410 f

364 2416 411 2453 (g

364 2456 378 2492 (
396 2457 408 2484 l

365 2496 405 2533 (i
421 2498 436 2534 )
458 2499 584 2530 Fremier
601 2499 746 2531 Memoire
761 2507 790 2537 p.
821 2508 868 2538 93.
889 2501 958 2538 Exp-
986 2509 1050 2539 ¹¹7-
1081 2508 1147 2539 137.
