2003 2748
259 130 346 169 484
769 120 927 164 ZIB.
998 120 1100 165 IV.
1165 96 1345 168 corz:

254 219 402 266 triginta
416 220 433 266 ζ
446 221 460 256 i
472 221 488 266 >
501 249 510 262 ,
545 220 660 258 homo
680 220 742 259 sub
762 233 893 271 aquam
922 222 1102 263 demersus
1115 253 1125 268 ,
1162 225 1198 262 δι
1215 223 1320 275 pulsu
1341 224 1549 270 destitutus,
1585 229 1759 269 excitatus
1779 233 1828 272 est
1843 261 1854 277 ,

255 277 293 314 ἃ
309 277 419 316 fimsse
432 280 640 328 exemplum
655 280 816 318 hominis
829 310 838 324 ,
867 282 1003 332 frigore
1021 283 1084 322 sub
1095 297 1185 334 aqua
1195 297 1288 334 pene
1304 286 1436 329 eneffi,
1460 288 1607 326 artubus
1627 291 1827 338 rigentibus
1843 320 1853 336 ‚

249 337 355 385 pulsu
382 338 417 374 &
443 339 674 387 respiratione
698 341 796 378 nulla
812 370 822 384 ,
856 354 971 392 nuper
1002 343 1158 392 legimus
1194 344 1261 395 (st
1277 346 1304 391 >.
1340 344 1535 390 Hominis,
1571 349 1701 399 absque
1727 350 1850 398 pulsu,

250 407 270 432 a
295 397 495 434 carbonum
521 398 625 436 fumo
654 412 749 449 pene
778 400 942 439 suffocati
962 430 973 449 ,
1007 404 1218 453 exemplum
1251 404 1359 443 habet
1387 405 1584 444 Pauus
1605 410 1706 456 (le),
1741 421 1854 459 quem

249 454 443 503 euphorbii
469 457 589 496 sumus
615 461 760 497 naribus
783 460 924 499 inflatus
955 464 1134 501 excitavit.
1170 463 1266 502 Cum
1292 464 1485 503 hominem
1510 467 1678 510 vulnere,
1711 476 1753 506 ut
1777 482 1853 507 cre-

246 512 420 558 debatur,
455 526 661 565 peremtum
680 548 688 562 ,
723 520 806 569 post
828 522 959 570 viginti
990 530 1147 571 quatuor
1173 523 1278 561 horas
1292 525 1455 563 incidere
1474 525 1626 571 vellent,
1660 534 1701 565 ut
1721 528 1766 566 de
1789 542 1851 568 na-

245 578 324 610 tura
356 575 513 613 vulneris
541 579 824 627 cognosceretur
836 609 845 623 ,
880 583 1011 619 revixit
1042 582 1142 620 idem
1159 585 1176 630 ζ
1192 583 1241 630 l).
1279 584 1431 622 Senator
1462 585 1507 623 M
1520 598 1541 622 A
1554 600 1576 624 R
1590 599 1609 623 c
1623 599 1642 624 Ε
1658 599 1677 623 L
1691 599 1712 624 L
1725 600 1746 625 u
1761 602 1775 625 s
1798 589 1849 626 se-

241 633 400 682 pulchro
427 637 508 684 post
536 638 691 676 biduum
718 639 866 678 eduftus
891 640 959 691 (m
980 640 1017 690 ),
1053 655 1137 680 cum
1158 645 1230 680 vita
1259 644 1512 682 reconciliatus
1531 645 1610 685 fuit.
1643 646 1850 696 Apopleeri-

242 703 325 736 ωε,
361 695 442 742 post
471 696 646 740 biduum,
683 711 768 736 cum
798 699 1056 749 chirurgorum
1086 702 1293 751 scalpellum
1317 702 1381 740 fibi
1410 705 1624 748 inmineret,
1658 706 1703 742 ad
1731 706 1765 744 se
1793 721 1848 746 re*

240 751 308 789 diit
337 753 425 801 (η)
443 783 452 797 ,
489 756 524 792 δε
548 757 742 796 convaluit.
790 758 939 797 Femina
966 763 1005 797 in
1027 760 1172 799 foveam
1199 774 1283 800 cum
1319 762 1551 801 cadaveribus
1577 765 1757 813 projesta,
1791 768 1847 805 in-

238 810 286 848 de
308 811 365 849 die
382 823 510 863 quarto
544 817 696 855 extraeia
710 847 720 861 ‚
755 817 869 857 sanata
900 819 949 857 est
969 819 1060 869 (ο),
1097 820 1244 859 Femina
1270 822 1327 859 die
1344 824 1452 860 tertio
1475 835 1519 860 ex
1533 823 1725 873 sepulchro
1746 838 1846 876 erep-

238 877 294 914 ta,
317 873 432 910 vitalis
446 873 532 924 (p).
554 876 737 926 Superfuit
748 878 824 921 alia,
846 891 924 928 quae
937 880 1020 917 osto
1032 880 1159 919 diebus
1170 881 1314 930 friguit,
1336 882 1372 919 ὃς
1391 888 1495 921 motu
1511 883 1683 934 sensuque
1696 884 1844 924 destitu-

237 937 272 967 ta
291 931 420 978 jacuit,
454 934 620 973 frie'rione
639 938 790 975 excitata
815 938 834 986 (
849 939 903 985 q)
926 938 984 976 est.
1022 938 1101 986 Qui
1120 942 1157 977 in
1168 953 1292 990 pugna
1311 942 1439 980 decem
1458 942 1585 981 diebus
1600 944 1729 994 absque
1748 945 1843 984 refO=

235 989 421 1030 cillatIOne
471 994 618 1039 mansit,
648 997 801 1034 tandem
825 998 968 1044 adjutus
995 999 1039 1036 ad
1065 1001 1177 1037 vitam
1200 1000 1307 1038 rediit
1333 1003 1383 1049 (r
1396 1003 1424 1048 ).
1456 1001 1604 1041 Omitto
1632 1006 1746 1054 magis
1773 1007 1843 1042 mi-

233 1049 350 1088 rificas
370 1051 557 1097 historias,
592 1062 633 1093 ut
654 1063 775 1093 tamen
802 1058 1079 1096 memorabilem
1103 1060 1201 1097 illam
1225 1062 1351 1110 paucis
1382 1068 1550 1110 tangam,
1583 1063 1746 1101 hominis
1772 1077 1841 1103 no-
1899 1097 1907 1106 ,

230 1108 333 1153 bilis,
371 1113 433 1161 qui
459 1112 522 1151 sex
549 1115 700 1165 integris
724 1116 929 1166 septimanis
960 1120 1099 1158 mortui
1124 1119 1245 1157 similis
1274 1120 1409 1158 funeris
1436 1131 1645 1172 apparatum
1662 1124 1838 1174 exspem-

229 1170 302 1211 vit,
339 1172 433 1218 (s),
472 1173 508 1210 &
527 1173 656 1223 sponte
680 1182 804 1214 tamen
824 1179 978 1221 revixit,
1016 1179 1052 1216 ἃ
1085 1179 1288 1217 convaluit:
1325 1180 1458 1218 deinde
1488 1182 1707 1221 notissimam
1740 1184 1839 1222 illam

222 1227 402 1267 feminam
420 1260 429 1274 ‚
466 1244 576 1281 quam
596 1250 718 1273 απνουν
738 1235 809 1273 ΕΜ
823 1249 872 1274 Pr:
887 1250 909 1274 n
924 1249 946 1274 o
961 1250 980 1274 c
994 1250 1014 1274 L
1028 1251 1040 1274 1
1054 1251 1068 1275 s
1096 1240 1171 1287 (t)
1195 1246 1274 1276 tota
1310 1240 1465 1278 vetustas
1499 1242 1712 1280 celebravit:
1748 1255 1836 1282 cum

224 1289 375 1336 triginta
401 1290 529 1330 diebus
552 1293 684 1341 absque
698 1295 951 1344 respiratione,
977 1304 1085 1347 atque
1107 1298 1198 1336 adeo
1226 1298 1357 1348 absque
1384 1300 1487 1349 pulsu
1517 1300 1667 1340 vixisset.
1705 1301 1834 1340 Fidem

227 1356 326 1385 certe
350 1348 560 1397 hujusmodi
586 1352 742 1391 historiis
780 1355 939 1393 mirificae
966 1356 1052 1399 illae,
1087 1370 1166 1395 non
1197 1356 1439 1407 chrysalidum
1466 1357 1622 1397 solarum
1653 1361 1833 1400 diuturnae

223 1407 357 1456 absque
382 1409 487 1458 pulsu
510 1413 608 1455 vitae,
640 1412 703 1450 sed
728 1415 835 1451 etiam
851 1416 1096 1464 quorumdam
1114 1417 1331 1455 insectorum
1364 1418 1529 1468 exempla
1553 1419 1698 1458 faciunt.
1734 1421 1833 1460 Nam

222 1467 415 1506 rotiferum
431 1471 563 1508 animal
579 1473 595 1518 (
613 1473 779 1518 zt)extra
799 1486 928 1524 aquam
958 1474 1130 1513 siccatum
1145 1506 1154 1520 ‚
1188 1476 1417 1527 pulverisque
1444 1477 1577 1521 simile,
1613 1480 1756 1519 nullum
1781 1483 1832 1520 vi·-

221 1531 266 1563 tae
291 1525 435 1575 fignum
460 1529 555 1577 edit3
588 1530 760 1581 idemque
784 1534 821 1570 in
849 1546 941 1584 aqua
971 1537 1150 1574 continuo
1179 1538 1291 1574 vitam
1308 1537 1481 1575 latentem
1508 1539 1683 1588 explicat,
1719 1541 1827 1579 rotas-

219 1596 293 1635 que
325 1586 401 1624 suas
426 1589 607 1637 producit.
645 1590 793 1629 Deinde
822 1594 988 1642 anguillae
1004 1597 1092 1642 (x)
1115 1597 1228 1633 vitiati
1256 1596 1450 1640 frumenti,
1485 1599 1608 1636 multis
1632 1602 1734 1637 annis
1756 1602 1826 1639 im-

219 1645 399 1690 mobiles,
425 1649 464 1685 in
493 1657 662 1700 corrupta
681 1651 793 1690 farina
811 1652 992 1698 habitant,
1028 1654 1238 1706 eaedemque
1252 1657 1290 1694 in
1311 1669 1403 1708 aqua
1428 1666 1613 1697 maceratae
1631 1659 1751 1698 subito
1781 1660 1827 1699 ad

210 1702 437 1752 :spontaneos
457 1715 581 1748 motus
609 1710 774 1752 redeunt,

1755 1778 1826 1817 Ad-

255 1870 271 1908 A

297 1873 303 1878 ’
322 1873 335 1910 )
356 1873 407 1904 Fo
421 1882 441 1903 τ
456 1883 477 1904 H
492 1884 510 1905 x
523 1885 543 1905 R
558 1885 598 1907 οι
611 1887 657 1907 ιι,
678 1876 779 1921 PhilqsI
806 1878 957 1920 Transafi.
987 1890 1016 1911 n.
1040 1889 1110 1919 475.
1132 1879 1229 1922 Effizys
1250 1882 1286 1922 of
1300 1880 1438 1922 afficiety
1463 1887 1495 1914 at
1517 1883 1682 1921 Edimburg.
1712 1883 1748 1914 T.
1777 1883 1820 1917 V.

315 1923 339 1951 ς.

214 1920 229 1942 Ε

231 1920 257 1943 :t

291 1883 306 1949 ,ΛΝ

292 1954 311 1969 Ὗ·

362 1956 419 1987 NA
432 1967 452 1987 u
467 1967 484 1986 c
497 1968 514 1986 L
526 1968 541 1988 u
554 1967 575 1988 R
604 1960 696 1990 Stakh.
718 1960 865 2001 handling.
896 1965 986 2001 1756.
1010 1963 1104 1993 Trim.
1140 1962 1176 1993 Π.

353 1999 397 2027 De
414 2000 573 2029 renunciat.
599 2011 627 2038 p.
661 2010 730 2039 879.
755 2013 836 2040 oper.
862 2012 942 2034 omn.

350 2038 383 2068 G.
407 2049 434 2069 v.
456 2039 474 2069 S
488 2050 513 2069 w
526 2051 535 2069 1
547 2051 565 2070 ι
579 2051 627 2071 Ti:
643 2051 665 2072 N
691 2045 846 2074 Comment.
871 2047 903 2074 in
928 2045 948 2075 B
962 2054 979 2074 o
991 2055 1006 2074 E
1021 2054 1039 2074 R
1056 2055 1088 2075 Η.
1119 2045 1215 2083 aphar.
1236 2056 1270 2085 p.
1304 2055 1373 2086 23⁷5·

354 2079 638 2112 Bzmuvntrz
664 2085 759 2114 itiner.
790 2085 825 2115 T.
850 2085 885 2116 ΙΙ.
913 2096 942 2124 Ρ.
967 2091 993 2120 8-

357 2120 426 2150 Zod.
445 2122 532 2153 Med.
557 2123 630 2153 Gall.
659 2125 741 2155 Anu.
766 2126 800 2157 ll.
825 2137 853 2165 p.
879 2131 947 2164 264.
975 2128 1064 2157 Delie.
1085 2129 1169 2160 Med.
1198 2128 1329 2167 Chirurg.
1351 2139 1380 2167 p.
1403 2138 1450 2168 70.

351 2160 375 2189 V
390 2171 409 2190 A
422 2172 438 2190 ι.
450 2171 499 2191 BN
510 2173 533 2192 fr
546 2175 555 2192 ι
568 2173 587 2192 Ν
600 2175 608 2193 ι
624 2165 755 2204 Chirurg.
779 2168 861 2198 hlefi.
883 2178 910 2206 p.
933 2178 1001 2203 910.

351 2201 396 2230 W
410 2212 419 2230 ι
435 2212 456 2231 N
470 2212 482 2232 s
497 2214 513 2232 L
528 2213 547 2233 0
559 2215 583 2234 w
607 2206 634 2235 in
661 2206 719 2237 diss.
748 2218 834 2245 quam
861 2209 904 2239 Cl.
925 2209 945 2240 B
963 2219 982 2238 R
997 2219 1017 2239 υ
1029 2219 1053 2240 Η
1066 2220 1076 2239 ι
1088 2219 1102 2240 n
1113 2218 1135 2240 a
1161 2210 1371 2242 commentario
1395 2209 1544 2243 illustravit
1563 2222 1595 2250 p.
1623 2218 1668 2247 ιδ·

387 2251 557 2274 kunnun
585 2246 604 2275 l.
635 2257 659 2276 e.
683 2247 718 2277 T.
741 2248 776 2278 11.
803 2260 830 2287 p.
863 2255 935 2286 500.'

284 1965 302 2025 *N

314 1957 339 2400 ψυψυυυυυυψν

351 2241 435 2319 §pud
467 2284 486 2313 Ρ
499 2296 515 2313 L
527 2296 545 2314 A
558 2295 578 2315 T
593 2298 611 2316 0
625 2297 645 2316 N
660 2297 678 2316 Ε
691 2299 714 2317 κ
739 2290 772 2319 de
787 2292 943 2328 republica.

351 2322 375 2352 G
389 2333 406 2351 R
423 2334 441 2353 Λ
456 2334 474 2354 υ
509 2326 734 2365 Wisstmanland
759 2340 786 2369 p.
816 2341 883 2370 257.
914 2338 984 2370 258.

348 2363 576 2439 ἑϊιζζιὲὲειρ.0
587 2372 653 2436 2639.
672 2369 728 2440 21³?
743 2381 761 2400 υ
774 2382 786 2402 s
798 2381 817 2402 a
830 2381 852 2408 u
866 2383 931 2407 ras
957 2383 1063 2414 nempe
1079 2397 1088 2415 ,
1122 2375 1228 2416 aliique
1252 2382 1383 2413 veterum
1396 2399 1406 2419 ‚
1431 2376 1600 2421 scripserunt
1622 2388 1675 2415 περ’
1693 2389 1777 2409 mm.

354 2445 432 2486 11³.ss
446 2457 469 2479 Μ
496 2430 565 2482 ibid.
580 2418 809 2492 ’pl-254.9.255.

242 1953 269 2481 ρκβκΆΑέ-«ΑΑΑΑΑΑΑΑ

280 2413 301 2462 ³ae
284 2368 296 2391 u
286 2331 299 2350 υ.
276 2208 298 2308 *how
284 2169 298 2188 0
281 2129 301 2147 e:
279 2087 307 2107 ξ
285 2038 298 2065 κ.

314 2409 333 2484 ψᾫο

278 2465 297 2474 αι
