2003 2748
324 195 374 234 93
861 183 988 225 ΜΒ.
1038 183 1110 225 JJ.
1172 179 1405 227 VASA.

381 278 561 324 Caeterurn
590 283 740 329 minima
769 281 844 320 haec
876 282 976 325 vasa,
1017 284 1054 320 in
1084 283 1215 333 quibus
1242 283 1384 333 sanguis
1412 282 1456 322 de
1472 286 1606 323 arteriis
1627 287 1664 324 in
1684 281 1793 327 'renas
1820 296 1921 328 tran-

320 345 360 384 fit
374 373 383 387 ‚
419 346 543 393 utique
562 350 682 380 tenera
694 342 795 385 sunt,
817 341 1110 391 pellucidiffima,
1143 343 1246 381 nudo
1268 344 1379 381 oculo
1408 345 1560 382 minime
1577 346 1769 395 conspicua
1795 352 1884 397 (x)
1902 379 1914 395 ,

320 416 438 453 neque
462 402 704 451 microscopio
730 409 875 451 promta
905 401 1000 444 visu,
1051 415 1159 440 venas
1188 405 1286 440 enim
1311 403 1447 442 facilius
1475 404 1594 442 videas
1615 434 1625 449 ‚
1661 418 1740 455 quae
1764 409 1916 448 unicum

317 463 511 512 globulum
530 461 688 504 vehunt,
721 474 830 511 quam
847 462 998 498 arterias.
1029 461 1259 500 membranas
1276 472 1398 500 tamen
1417 465 1544 512 utique
1560 465 1693 502 habent
1706 495 1714 508 ‚
1748 466 1809 503 etfi
1834 468 1915 505 nul-

317 523 366 560 las
401 523 531 560 habere
570 533 615 558 ex
650 521 789 569 vulgari
816 521 1062 570 phaenomeno
1097 521 1299 570 persuaderi
1324 522 1388 560 fibi
1418 522 1533 572 passus
1566 524 1615 561 est
1645 524 1818 562 Antonim
1844 539 1915 565 van

318 581 347 619 L
362 594 380 619 E
398 595 416 619 E
431 593 531 619 UWE
545 593 570 618 N
583 593 607 617 H
626 593 648 619 o
663 593 680 617 E
696 593 715 618 c
733 593 758 617 K
789 580 844 628 (y
863 582 901 627 >,
946 592 1021 629 quo
1042 581 1212 619 videntur
1238 581 1381 630 globuli
1409 583 1509 620 rubri
1536 581 1580 621 de
1603 585 1797 633 parietibus
1824 593 1917 624 arte·
1954 591 1967 603 “

314 643 450 680 riarum
476 642 635 678 eminere
666 639 723 690 (z
742 640 773 687 ).
807 638 850 676 Iu
878 652 952 677 ovo
980 641 1153 678 incubato
1182 642 1353 678 videntur
1383 644 1539 680 omnino
1570 643 1729 682 secundo
1762 644 1820 682 die
1850 647 1917 683 viae

315 701 518 749 perflavam
529 699 626 749 quali
641 698 818 736 acerosam
837 700 985 748 pulpam
1000 699 1095 737 faetae
1113 698 1179 737 effe
1193 729 1203 743 ‚
1251 700 1348 749 quafi
1374 713 1439 738 acu
1470 702 1653 741 delineatae
1670 732 1679 746 ,
1716 703 1775 740 sed
1801 705 1917 742 altero

316 762 374 798 die
394 760 612 797 membranae
639 758 827 796 manifesto
845 759 1025 808 adparent.
1069 758 1302 797 Diametrum
1323 759 1348 796 fi
1377 760 1600 809 requifiveris
1617 790 1627 805 ‚
1661 774 1739 800 non
1765 764 1916 812 quidem

314 820 418 858 valde
447 818 598 857 difficilis
622 820 687 855 erit
713 816 863 856 definitu
877 845 902 873 ,Χ
923 818 1053 855 eadem
1081 821 1217 862 euim,·
1234 820 1271 856 ὃς
1299 819 1408 869 paulo
1435 821 1551 868 major
1580 823 1669 864 erit,
1703 834 1812 871 quam
1831 824 1914 873 glo-

313 880 390 918 buli
412 879 597 928 sanguinei
614 907 623 920 ‚
663 890 682 915 a
714 890 790 927 quo
820 884 897 915 tota
934 877 1101 915 asteriola
1132 880 1281 916 minima
1305 879 1464 928 repletur
1490 881 1542 927 (a
1559 882 1576 927 >
1592 910 1602 924 ,
1645 888 1687 919 ut
1710 881 1813 931 supra
1835 884 1912 931 ejus

310 939 494 989 :sphaerulae
513 939 728 976 diametrum
745 944 892 974 tenuem
909 936 1095 975 crassitiem
1108 938 1254 976 suorum
1267 940 1445 987 parietum
1465 940 1631 977 arteriola
1651 940 1787 978 habeat.
1826 941 1913 981 Eam

312 1000 532 1036 diametrum
555 997 639 1035 alibi
665 997 827 1034 dicemus
861 999 1033 1045 exiguam
1060 996 1126 1034 effe
1158 997 1216 1045 (h
1237 1000 1277 1046 ),
1314 999 1350 1034 ὃς
1377 1010 1470 1046 aegre
1500 1005 1554 1035 ter
1581 999 1806 1037 millefimam
1830 1002 1913 1050 pol⁴

312 1059 367 1096 liis
380 1065 518 1108 partem
528 1069 677 1106 aequare.
699 1055 859 1105 Duplam
869 1056 1044 1093 arteriolae
1063 1057 1107 1094 ad
1125 1057 1323 1105 globulum
1346 1057 1563 1095 diametrum
1597 1057 1680 1096 facit
1716 1059 1912 1108 Stephanus

309 1117 442 1156 HALEs
455 1146 463 1160 ‚
485 1124 526 1154 ut
541 1128 585 1153 eo
598 1115 734 1152 facilius
751 1116 892 1163 sanguis
906 1114 1060 1164 perfluat
1078 1115 1097 1163 (
1113 1128 1130 1152 c
1146 1117 1173 1163 ).
1211 1116 1400 1154 Minorem
1412 1124 1532 1154 autem
1549 1116 1615 1155 else
1634 1119 1778 1161 arteriae‚
1802 1132 1912 1169 quam

304 1176 479 1226 globuli,
516 1175 733 1212 diametrum
750 1203 759 1217 ,
796 1182 836 1212 ut
860 1186 955 1223 aegre
981 1174 1131 1212 demum
1158 1176 1194 1212 δε
1215 1187 1300 1213 cum
1331 1176 1495 1213 frictione
1519 1185 1746 1226 percurratur
1792 1179 1844 1218 (d
1860 1179 1879 1227 )
1895 1207 1907 1222 ‚

310 1238 466 1275 omnino
500 1235 643 1273 videtur
682 1246 727 1272 ex
760 1233 951 1283 hypothefi
989 1234 1059 1271 dici
1086 1263 1095 1277 ‚
1150 1246 1229 1283 quae
1266 1236 1304 1271 in
1351 1235 1532 1284 sanguinis
1575 1244 1681 1274 motu
1720 1235 1911 1275 difficulta-

307 1303 385 1334 tem
407 1296 585 1344 requirit,
629 1306 748 1343 neque
777 1306 815 1331 ea
836 1322 846 1337 ,
890 1305 959 1343 qua
980 1293 1056 1331 haec
1086 1296 1214 1343 opinio
1244 1295 1370 1332 nititur
1388 1323 1397 1337 ,
1450 1295 1539 1344 saepe
1572 1299 1676 1333 citata
1708 1295 1909 1344 figurarum

307 1357 348 1393 in
379 1354 538 1404 globulis
560 1355 714 1391 mutatio
735 1352 813 1390 satis
847 1361 948 1390 certo
971 1353 1213 1390 demonstrata
1239 1354 1296 1392 est.
1332 1353 1368 1391 Si
1385 1353 1529 1402 globuli
1556 1354 1742 1403 sanguinei
1759 1357 1796 1392 in
1825 1368 1909 1392 om-

305 1417 347 1452 ni
377 1414 530 1452 animale
551 1413 710 1461 ejusdem
734 1412 814 1450 sunt
845 1412 1133 1461 magnitudinis,
1180 1414 1287 1450 etiam
1313 1410 1496 1451 asteriolas
1519 1415 1686 1453 minimas
1715 1415 1757 1452 in
1786 1415 1909 1453 omni-

302 1475 374 1512 bus
400 1486 500 1523 aeque
523 1484 671 1521 mannas
698 1470 765 1510 effe
787 1471 946 1521 sequitur
974 1471 1071 1520 (e)

684 1585 720 1626 §-
751 1579 794 1623 X
812 1579 888 1622 XI
907 1580 968 1619 II.
1031 1580 1074 1620 II.
1112 1580 1246 1618 Ductus
1281 1579 1518 1620 Excretorius.

368 1691 539 1729 Secundus
567 1691 777 1728 arteriarum
799 1689 879 1727 finis
916 1690 965 1727 est
991 1691 1029 1726 in
1048 1690 1187 1727 ducrum
1209 1692 1444 1728 excretorium
1460 1719 1470 1734 ‚
1506 1691 1668 1729 canalem
1690 1704 1822 1741 nempe
1842 1695 1905 1731 ve-v

297 1764 361 1793 <nae
387 1751 464 1788 satis
492 1750 642 1787 similem
659 1779 668 1792 ‚
703 1749 854 1800 perinde
876 1762 962 1787 cum
984 1749 1036 1787 sui
1062 1749 1234 1787 fimilibus
1253 1751 1292 1787 in
1311 1753 1465 1798 majores
1492 1751 1683 1790 trunculos
1705 1752 1902 1790 confluxu-

304 1823 411 1852 rum,
448 1822 558 1859 quem
584 1821 689 1846 novae
715 1809 852 1846 radices
870 1838 880 1851 ,
915 1810 1081 1858 priorum
1104 1807 1234 1847 similes
1251 1838 1261 1852 ,
1295 1817 1474 1859 perpetuo
1503 1820 1669 1860 augeant.
1704 1810 1904 1859 Hujusmo-

306 1871 343 1907 di
374 1869 549 1907 ductuum
566 1868 702 1917 duplex
728 1868 777 1905 est
795 1880 814 1905 a
837 1869 939 1905 venis
956 1867 1145 1905 diverfitas.
1182 1868 1278 1905 Nam
1295 1869 1476 1917 liquorem
1494 1882 1512 1906 a
1533 1871 1703 1918 sanguine
1721 1870 1902 1908 diversum

244 1950 251 1957 =
301 1929 467 1972 uehunt,
506 1929 543 1965 δε
571 1940 657 1966 eum
689 1940 767 1965 non
793 1927 838 1964 ad
862 1926 1044 1975 sanguinis
1068 1925 1214 1963 massam
1240 1927 1454 1970 reducunt,
1503 1928 1562 1966 sed
1587 1929 1742 1978 aliquam
1774 1931 1812 1966 in
1843 1942 1899 1967 ca-

298 2001 407 2026 Veal'ss
438 1989 639 2036 majorem,
677 1999 816 2024 aeseanl
834 2014 843 2029 ‚
881 1987 1051 2024 clbariam
1070 2014 1080 2029 ‚
1116 1986 1346 2029 Uslsslfel‘am,
1381 1994 1442 2024 alclt
1467 1987 1618 2026 demum
1643 1994 1741 2026 extra
1767 2000 1903 2037 COl‘po-

298 2050 349 2086 vris
364 2047 526 2086 animalis
551 2046 639 2084 fines
662 2046 840 2089 efferunt,
863 2031 1033 2095 exemplo
1051 2045 1245 2088 datiuum,
1268 2058 1312 2083 ex
1329 2046 1500 2094 glandula
1511 2047 1696 2086 lacrumali
1716 2055 1897 2086 natorum.

1802 2107 1900 2154 EJ'us-

342 2188 410 2224 (κ)
435 2190 533 2218 Lettre
547 2184 604 2224 ficr
628 2188 651 2216 le
674 2185 928 2227 nouzeausysteme
942 2184 998 2225 sur
1016 2188 1045 2217 ln
1059 2187 1218 2225 formation
1237 2188 1269 2216 de
1291 2188 1318 2217 Ia
1335 2190 1403 2218 voix
1424 2199 1455 2227 p.
1482 2199 1526 2224 ςς.

343 2229 406 2265 (y)
429 2228 569 2259 Globulos
593 2228 641 2257 sibi
667 2230 726 2258 vias
740 2229 836 2259 ficere
857 2230 884 2259 δι
903 2229 1037 2264 transire,
1070 2239 1131 2267 quae
1152 2229 1197 2258 via
1211 2227 1242 2257 sit
1263 2228 1399 2259 facillima
1418 2231 1539 2267 operum
1561 2228 1596 2259 T.
1624 2228 1662 2261 11.
1686 2238 1714 2268 p.
1739 2230 1808 2265 184-

342 2270 407 2304 ¹2)
432 2269 538 2299 Second
562 2270 704 2298 Memoire
719 2268 776 2308 sur
803 2271 825 2299 le
843 2276 1023 2298 ‘nouvement
1044 2267 1165 2308 dusang
1185 2268 1256 2315 Exp.
1289 2279 1333 2299 11.
1364 2280 1428 2308 ης.

252 2339 264 2350 ,
342 2309 403 2347 (a)
425 2310 556 2339 Hamas
579 2310 735 2348 haenast.p
742 2334 743 2337 ,
770 2314 816 2340 61
846 2309 1028 2340 Cowpmz
1057 2311 1128 2341 Plil.
1153 2307 1256 2350 Trans.
1277 2319 1304 2340 n.
1327 2316 1393 2346 280.
1425 2317 1491 2350 235.
1528 2311 1602 2342 Phil.
1635 2308 1738 2350 Trans
1761 2320 1789 2340 n.
1825 2313 1895 2347 460.

299 2349 759 2389 P.¹lUst}1hr1c.jib›-.p.3o3.
789 2351 1073 2390 Banake-p.
1102 2352 1168 2390 136.

340 2392 410 2427 (h)
433 2391 492 2421 Lib.
518 2391 566 2420 VI.
593 2401 649 2429 quo
669 2392 704 2421 de
730 2391 864 2429 sunguine
887 2392 988 2429 agitur.

339 2432 405 2468 (c)
429 2433 586 2471 Hamrfizt
610 2442 638 2470 p.
665 2439 710 2468 58.
738 2442 785 2470 52.

340 2473 407 2511 (d)
428 2473 649 2504 DoucLAss
676 2484 713 2503 οη
744 2475 791 2505 thr
807 2475 973 2514 generatim:
995 2473 1100 2513 ofheat
1125 2484 1153 2514 p
1180 2478 1207 2507 6

340 2514 400 2552 (e)
423 2513 546 2545 Mure
573 2525 602 2553 p.
626 2519 689 2553 306.
