2003 2748
401 120 712 168 SECT.IV
766 127 1012 168 morus
1060 125 1336 168 coanis.
1588 143 1666 178 403

73 234 152 268 tum
176 227 249 277 agit
271 225 470 264 secundum
497 224 629 266 lineas,
657 223 701 260 ad
723 225 807 261 axin
832 223 883 261 sui
908 223 1039 261 canalis
1055 223 1378 274 perpendiculares.
1415 224 1486 262 Sed
1504 225 1528 262 ii
1554 226 1643 263 radii
1659 253 1668 269 ,

73 290 113 328 in
143 287 312 336 exemplo
335 314 344 329 ,
388 284 552 334 undique
579 286 616 321 in
641 283 791 321 anulum
816 282 1041 322 valvulosum
1066 283 1232 328 ducunt,
1272 296 1391 333 eoque
1417 284 1559 334 inpulso
1575 313 1584 328 ‚
1627 285 1670 322 ad

75 348 195 387 cordis
219 349 379 396 parietes.

137 407 206 443 Sed
223 407 328 443 etiam
344 404 486 446 morbi,
515 401 623 451 paulo
645 401 744 450 prius
757 400 932 448 excitati(
950 413 968 438 0
983 400 1021 447 ),
1054 401 1128 439 hoc
1155 402 1335 451 sanguinis
1357 403 1424 440 iter
1443 403 1668 442 confirmant.

78 465 270 505 obstacula
299 466 395 501 enim
414 464 450 499 in
474 473 519 499 eo
542 460 745 499 ventriculo
766 467 846 498 nata
866 461 1022 503 faciunt,
1053 468 1093 499 ut
1111 461 1236 499 dextra
1258 462 1415 500 auricula
1437 463 1668 506 intumescat,

77 525 266 563 manifesto
287 528 504 571 argumento
521 548 530 563 ‚
565 531 609 557 ex
637 531 677 556 ea
702 519 859 557 auricula
884 521 922 556 in
944 522 1162 569 contiguum
1193 521 1435 559 ventriculum
1461 522 1672 571 sanguinem

78 582 196 626 ivisse,
237 584 273 620 &
296 583 340 619 ab
365 579 552 618 obstaculo
567 587 710 628 reperto
723 591 863 616 moram
880 577 1015 628 paffum
1030 607 1040 623 ‚
1076 582 1188 630 inque
1218 579 1376 618 auricula
1395 580 1567 624 refidem,
1599 583 1672 621 vim

77 642 173 682 suam
197 641 460 683 distendentem
485 639 672 689 explicare.

134 700 275 739 Verum
301 702 407 738 etiam
433 698 458 735 fi
482 698 535 737 hae
558 701 713 736 rationes
733 698 810 736 satis
832 697 942 736 firmae
960 697 1061 741 sunt,
1096 698 1251 748 superest
1274 705 1395 737 tamen
1413 699 1565 738 validius
1584 711 1674 737 ocu«

74 759 196 799 lorum
219 760 478 798 testimonium.
514 758 556 795 In
576 760 669 795 ranis
692 769 780 807 ergo
803 759 839 794 δε
866 757 1044 806 piscibus,
1083 759 1194 807 inque
1219 758 1322 808 pullo
1349 760 1523 797 incubato
1546 787 1555 802 ,
1594 761 1674 808 qui*

75 820 143 858 bus
168 819 332 857 auriculae
358 819 393 855 ἃ
423 829 487 855 cor
508 817 692 866 pellucent
710 845 719 860 ,
761 817 951 855 manifesto
973 817 1079 854 rubra
1105 818 1220 855 nubes
1247 818 1440 866 sanguinea
1465 830 1510 856 ex
1533 820 1674 855 auricu⁴

75 879 108 916 la
131 881 168 916 in
190 877 431 916 ventriculum
457 876 688 914 se-diffundit
705 904 714 918 ,
758 875 903 924 ejusque
930 875 1202 924 longitudinem
1232 879 1434 926 percurrit,
1477 877 1597 914 donec
1628 876 1673 913 ad

75 950 291 976 mucronem
310 937 502 986 perveniat.
539 935 638 985 Saepe
662 934 738 973 vidi
756 936 793 971 in
818 941 969 984 utraque
992 933 1093 973 claffe
1117 935 1136 982 (
1146 943 1172 983 p
1187 935 1204 982 )
1219 963 1229 978 ‚
1261 935 1431 975 viderunt
1452 937 1490 973 in
1514 936 1674 973 animali.

76 998 143 1035 bus
165 996 287 1044 frigidi
312 996 492 1044 sanguinis
519 997 584 1033 viri
610 997 648 1032 in
672 994 746 1031 hoc
769 994 888 1032 studio
913 995 1073 1043 primarii
1103 993 1308 1032 Guilielmus
1328 994 1468 1034 HARv
1484 1007 1538 1032 ἓν
1566 996 1670 1044 (q),

77 1054 261 1103 johannes
282 1055 516 1093 WALAEus
541 1054 626 1101 (r)
650 1053 851 1091 Richardus
871 1052 1057 1091 Lowm
1083 1053 1176 1102 (s),
1209 1053 1385 1102 Oligerius
1409 1053 1674 1104 JACOBAEUS

79 1115 127 1164 (t
143 1115 171 1161 ).
210 1115 279 1152 Sed
302 1116 407 1152 etiam
435 1116 471 1150 in
496 1114 618 1151 calidis
649 1113 767 1150 bestiis
791 1112 986 1151 auriculam
1012 1113 1231 1150 contractam
1256 1113 1468 1163 sanguinem
1492 1114 1550 1162 (u
1566 1113 1583 1160 >
1599 1142 1607 1157 ,
1638 1114 1674 1152 Sc

78 1173 226 1223 chylum
253 1175 270 1222 (
290 1186 317 1211 x
338 1172 354 1224 )
386 1175 423 1210 in
446 1173 614 1211 dextrum
637 1172 880 1210 ventriculum
904 1172 1021 1221 (x‘l‘)
1047 1171 1217 1223 expulisse
1238 1173 1322 1212 vidi.

458 1284 490 1327 ς,
524 1279 566 1319 Χ
584 1280 611 1319 Ι.
681 1280 728 1319 Ut
744 1280 891 1319 Arteria
903 1279 1080 1328 pulmonis
1093 1279 1289 1321 claudatur<

137 1391 227 1430 Non
253 1396 398 1439 oportet
423 1389 495 1427 hoc
519 1390 605 1428 loco
627 1388 822 1439 neglex'iffe
838 1418 848 1433 ,
893 1389 981 1427 dum
1006 1389 1139 1428 ostium
1165 1390 1341 1429 venosum
1370 1392 1548 1440 aperitur,
1597 1403 1676 1430 eam

79 1460 216 1500 partem
239 1452 314 1498 ejus
343 1449 438 1487 anuli
458 1477 468 1492 ,
508 1461 588 1498 quae
612 1449 771 1487 latiffima
794 1449 843 1486 est
859 1477 869 1491 ‚
912 1449 1090 1499 propelli,
1127 1450 1163 1488 δι
1181 1452 1314 1488 arteriae
1337 1450 1556 1500 pulmonalis
1582 1451 1675 1487 ostio

79 1509 253 1559 praetendi
275 1538 284 1552 ,
321 1509 430 1558 idque
451 1515 572 1546 totum
587 1537 596 1551 ,
635 1518 695 1546 aut
715 1515 810 1546 certe
825 1520 956 1556 magna
973 1520 1019 1545 ex
1042 1515 1141 1558 parte
1166 1509 1340 1548 claudere.
1377 1509 1429 1547 Ita
1447 1516 1590 1548 cavetur
1604 1537 1612 1551 ,
1631 1522 1677 1546 ne

79 1581 98 1606 a
121 1569 229 1607 debili
248 1567 412 1607 auriculae
430 1569 466 1605 vi
487 1568 627 1616 sanguis
647 1570 685 1606 in
706 1569 869 1605 arteriam
891 1568 1134 1617 propellatur,
1169 1569 1207 1607 &
1226 1571 1382 1607 omnino
1405 1570 1521 1606 caveri
1537 1575 1680 1606 certum

81 1629 130 1666 est
148 1657 157 1671 ‚
193 1641 278 1666 cum
304 1630 341 1666 in
367 1629 453 1665 vivo
489 1628 526 1664 &
548 1627 631 1664 sano
653 1627 806 1666 animale
828 1627 1018 1664 manifesto
1040 1629 1164 1665 arteria
1187 1640 1231 1665 eo
1252 1636 1417 1677 tempore
1442 1627 1673 1676 expallescat‚

81 1700 155 1737 quo
185 1687 342 1726 auricula
370 1681 594 1725 contrahitur
612 1715 621 1730 ‚
667 1694 774 1736 atque
794 1687 885 1724 adeo
914 1686 1125 1735 sanguinem
1152 1699 1196 1724 eo
1217 1695 1384 1737 tempore
1414 1686 1557 1724 nullum
1584 1687 1675 1723 acci*

80 1749 161 1796 piat.
196 1746 352 1784 Dudum
371 1746 446 1783 haec
475 1746 624 1784 valvulae
645 1746 847 1796 tricuspidis
871 1748 1028 1783 maxime
1056 1746 1240 1783 artificiosa
1258 1748 1458 1796 proprietas
1480 1753 1565 1783 nota
1585 1746 1673 1787 fuit,

81 1807 117 1843 &
139 1805 202 1856 ipfi
230 1813 324 1844 certe
345 1805 378 1843 G
392 1818 413 1841 A
427 1817 448 1842 L
464 1817 483 1842 E
497 1817 522 1842 N
537 1817 561 1843 o
595 1806 713 1855 (y),
749 1813 827 1843 turn
854 1817 1077 1854 nuperorum
1098 1806 1263 1853 plurimis
1286 1808 1340 1855 (z
1357 1807 1388 1855 ).
1422 1804 1552 1854 Rejicit
1578 1806 1677 1851 equi⁹

1091 1862 1118 1902 E
1134 1877 1152 1901 e
1169 1877 1189 1902 e
1234 1876 1256 1904 2
1593 1863 1676 1903 dem

122 1969 253 2006 (o)1n
278 1967 411 2006 exemplo
430 1967 475 1997 lll.
503 1967 677 1998 Suuaen.

122 2010 198 2047 (p)
221 2012 282 2047 Exp
321 2015 385 2045 548·
414 2018 478 2045 54⁹·
508 2017 573 2046 55¹-
607 2017 673 2045 553·
704 2018 768 2046 554·

121 2054 134 2087 (
156 2052 203 2090 q)
226 2061 252 2088 p.
283 2055 326 2080 2⁶.
356 2058 404 2087 40.
438 2055 481 2085 58.
508 2055 574 2084 282.
598 2050 653 2081 &m

121 2092 195 2129 (r)
219 2091 299 2130 Epist
326 2090 348 2120 1.
373 2101 402 2128 p.
426 2101 494 2126 400.

123 2133 136 2169 (
157 2138 169 2161 t
190 2133 203 2169 )
225 2142 248 2161 c.
274 2141 300 2161 2.
327 2142 352 2169 p.
386 2142 434 2168 45.

123 2173 136 2210 (
157 2179 171 2202 t
190 2174 203 2210 )
226 2175 268 2203 De
289 2174 369 2201 ranis
387 2183 412 2208 p,
446 2180 511 2202 120.
533 2169 618 2202 Confi
647 2172 674 2202 P.
706 2171 728 2202 L
742 2181 760 2201 Α
774 2181 823 2201 ua
840 2181 854 2201 ε
868 2179 1019 2203 mnne.
1047 2171 1077 2202 in
1099 2173 1190 2211 colleg.
1210 2178 1292 2204 amit.
1315 2182 1342 2212 p.
1374 2179 1441 2212 371.

124 2215 261 2250 (u)ln
288 2213 343 2243 fele
370 2216 436 2250 [ἑκ-ρ.
461 2223 527 2249 470.

123 2253 291 2290 (xlExp
327 2263 390 2290 ςη.
414 2255 545 2283 incane.

123 2294 214 2331 (x')
241 2297 281 2323 De
299 2303 365 2324 mot.
378 2292 460 2333 sang
481 2302 530 2332 per
547 2304 594 2324 cor
617 2305 643 2324 n
671 2303 696 2333 ς.

125 2335 138 2370 (
151 2344 174 2371 νγ
197 2336 209 2370 )
232 2333 358 2364 Arterias
384 2335 490 2365 elauss
516 2334 571 2365 effe
590 2358 597 2372 ,
626 2346 680 2381 qua
669 2335 742 2365 ndo
762 2334 870 2374 sangui
896 2334 1017 2365 venosus
1037 2335 1065 2364 in
1087 2345 1137 2366 cor
1160 2336 1241 2368 venit
1255 2337 1289 2366 de
1306 2334 1358 2376 ufit
1377 2343 1452 2374 part.
1477 2337 1507 2368 L.
1523 2336 1570 2368 Vl.
1585 2347 1610 2369 c.
1628 2347 1660 2374 ις

125 2375 176 2412 (z
198 2375 211 2412 )
232 2375 255 2411 J
284 2376 305 2405 C
349 2377 397 2405 Aa
415 2386 585 2408 ΛΝτιυε
615 2375 668 2415 ols.
685 2383 812 2414 ψεαρ.
845 2386 889 2413 34.
918 2375 978 2406 fuse
1007 2378 1102 2414 Georg.
1132 2377 1225 2408 Bussi
1221 2388 1291 2410 uzu
1318 2380 1398 2411 lettre
1420 2390 1436 2410 a
1456 2379 1498 2412 M.
1523 2379 1624 2411 MERY
1647 2361 1673 2417 Ρ»

83 2424 134 2455 23.
158 2426 202 2454 24.
231 2417 285 2448 W.
310 2416 503 2448 Cui-»sinn
520 2427 565 2449 ru
593 2417 610 2449 l
635 2427 651 2449 c
676 2428 707 2457 p.
736 2423 803 2454 180·
829 2418 865 2449 de
889 2426 975 2449 aortae
997 2418 1129 2456 equidem
1154 2419 1231 2452 ostio.
