2003 2748
326 133 405 171 313
838 123 995 163 Lis-B.
1056 121 1159 161 IV.
1226 121 1402 163 COR.

322 222 440 260 lateris
461 222 673 269 contiguam
687 247 697 262 ,
726 220 892 269 interque
912 218 1123 257 inferiorem
1140 231 1271 258 venam
1295 232 1420 258 cavam
1445 216 1584 259 efficiat.
1618 219 1730 260 Poffit
1748 222 1919 266 deorsum

324 292 487 320 convexa
515 281 580 327 (m
598 281 616 328 )
638 278 736 322 ficri,
770 278 796 317 fi
816 280 957 329 sanguis
978 280 1129 330 superne
1150 281 1357 322 incubuerit
1375 309 1386 324 ‚
1426 292 1545 330 neque
1564 280 1704 320 inferne
1722 282 1787 322 alia
1810 297 1919 323 eruo,

324 342 372 379 tls
403 341 498 379 unda
525 339 766 389 aequilibrium
783 340 984 378 restituerit.

385 400 512 438 Cornu
535 400 711 449 posterius
737 399 818 438 alias
840 398 994 449 fimplex
1018 401 1091 443 est,
1127 396 1263 449 duplex
1283 399 1375 438 alias.
1412 398 1583 438 Primaria
1602 400 1639 437 δε
1656 401 1824 439 constans
1844 403 1923 439 Ori«

324 471 375 509 go
399 458 559 497 valvulee.
582 458 607 496 E
623 470 671 496 us
684 470 744 496 ΤΑ
760 472 780 496 c
794 471 818 500 Η,
832 471 845 496 1
863 471 875 496 1
907 459 957 497 est
983 471 1029 497 ex
1051 459 1170 496 isthmi
1184 488 1195 503 ,
1234 471 1342 509 quem
1358 460 1517 498 diximus
1534 489 1543 503 ‚
1563 459 1696 499 sinistra
1717 461 1889 499 columna
1904 489 1917 505 ,

325 520 428 565 cuius
456 531 585 568 magna
611 530 691 569 pars
723 520 879 557 omnino
908 521 947 556 in
984 518 1162 557 valvulam
1191 519 1351 557 nostram
1377 519 1598 569 degenerat,
1632 519 1678 558 ad
1699 532 1778 558 eam
1808 519 1922 570 ipsam

323 578 444 616 sedem
465 608 474 622 ,
509 579 553 617 ad
578 591 686 628 quam
712 578 821 630 paulo
849 577 1040 618 finisterIOr
1067 577 1206 617 valvula
1229 591 1330 618 venae
1351 581 1550 618 coronariae
1575 580 1702 629 incipit
1719 580 1818 629 (n).
1853 578 1921 618 Vi-

324 638 362 677 'di
391 648 512 676 tamen
533 637 721 676 sinisterius
738 667 748 682 ,
786 651 893 689 quam
919 637 1005 676 fossa
1030 639 1143 676 ovalis
1165 638 1238 682 est,
1273 651 1292 679 a
1317 638 1489 678 columna
1514 651 1640 677 carnea
1657 667 1668 681 ‚
1706 638 1832 677 osculo
1861 652 1922 677 ve-

320 704 380 736 'nae
406 699 603 736 coronariae
631 698 873 737 circumducta
891 727 901 742 ‚
937 698 995 736 vel
1018 699 1061 736 ab
1090 710 1135 736 eo
1167 697 1372 737 musculoso
1405 701 1592 748 margine,
1633 700 1696 748 qui
1721 698 1919 737 auriculam

323 758 490 798 demam
511 759 651 796 orditur
671 761 687 806 <
706 770 724 795 0
739 759 756 806 )
771 787 780 801 ‚
825 757 861 796 id
886 758 1063 807 posterius
1094 757 1242 796 valvulae
1263 757 1503 796 Eustachianae
1522 770 1638 796 cornu
1659 765 1785 796 natum
1806 756 1918 797 fuisse„

371 818 550 864 ⁴Quando
568 816 756 855 accefforia
781 817 967 867 tenuisque
988 817 1068 855 stria
1086 817 1130 857 ad
1147 817 1184 855 id
1201 829 1316 857 cornu
1337 818 1476 856 accedit
1491 846 1500 861 ‚
1529 825 1617 859 tunc
1635 829 1674 856 ea
1693 820 1818 867 utique
1835 830 1923 857 cum

322 877 466 915 ‘valvula
493 879 691 916 coronariae
720 891 818 919 venae
838 877 962 918 osculo
991 876 1177 927 praepofita
1202 879 1445 918 continuatur.
1490 875 1544 915 Ita
1574 877 1767 927 quinquies
1798 878 1922 914 omni-

326 944 378 975 no
407 937 439 975 se
465 936 622 976 habuiffe
648 938 747 980 vidi,
793 938 827 976 &
855 937 912 975 alii
934 937 1103 975 viderunt
1126 939 1218 985 (p).
1256 937 1298 975 Id
1330 936 1447 987 ipsum
1467 942 1588 975 tamen
1615 936 1724 975 'filum
1750 948 1928 975 carneum

326 997 371 1035 ad
402 997 490 1036 duas
520 999 626 1035 etiam
654 998 696 1034 ab
718 998 794 1045 ejus
823 999 966 1046 origine
988 997 1098 1035 lineas
1122 1008 1168 1034 ex
1194 995 1333 1035 valvula
1353 995 1583 1035 Eustachiana
1607 1005 1731 1035 natum
1747 1024 1758 1040 ‚
1791 996 1865 1034 vidi
1883 997 1923 1035 in

326 1063 404 1097 eam
424 1064 562 1108 partem
576 1057 655 1097 ostii
671 1055 792 1094 venosi
805 1056 923 1094 dextri
937 1057 1057 1098 cordis
1077 1054 1217 1098 abiisse,
1245 1068 1323 1106 quae
1338 1055 1439 1106 septo
1460 1057 1536 1105 ejus
1556 1055 1696 1094 visceris
1714 1055 1919 1106 respondet.

380 1108 438 1158 'Ita
461 1124 542 1154 nata
571 1115 710 1154 valvula
735 1116 942 1159 descendit,
978 1128 1097 1166 neque
1118 1115 1230 1165 longe
1253 1117 1295 1154 ab
1312 1118 1455 1165 origine
1474 1116 1533 1157 sua
1551 1115 1711 1156 lati-{lima
1728 1115 1803 1158 est,
1836 1126 1927 1165 por-

326 1184 443 1226 roque
469 1176 513 1217 ad
544 1177 662 1226 priora
693 1177 837 1225 pergit,
883 1177 920 1213 δι
948 1188 1046 1213 venae
1065 1187 1159 1214 cavae
1186 1177 1223 1212 in
1242 1175 1357 1213 finum
1380 1176 1550 1217 dextrum
1571 1175 1606 1213 se
1633 1176 1849 1213 inmittentis
1869 1171 1928 1213 o's-

326 1237 418 1273 ‘tium
445 1237 632 1278 circumit,
670 1237 876 1285 iterumque
895 1237 933 1272 in
959 1235 1111 1273 alterum
1127 1236 1331 1277 „anterius
1358 1235 1587 1273 corniculum
1619 1234 1828 1283 gracilescit.

386 1293 428 1332 Id
448 1296 604 1332 anterius
636 1307 776 1337 cornu,
813 1307 832 1333 e
861 1297 1010 1343 regione
1042 1295 1194 1343 originis
1221 1305 1337 1332 cornu
1367 1294 1577 1343 posterioris
1607 1295 1645 1331 in
1671 1293 1924 1335 membranam

327 1355 515 1393 anterioris
548 1355 565 1402 <
581 1353 639 1403 q)
667 1356 774 1403 partis
792 1367 891 1393 venae
915 1366 1008 1394 cavae
1032 1355 1237 1403 proximam
1258 1353 1375 1401 longo
1394 1353 1466 1390 fere
1492 1353 1679 1394 filamento
1693 1380 1703 1395 ‚
1741 1353 1775 1390 &
1797 1348 1927 1393 sensim

327 1413 580 1463 gracilescente
609 1414 699 1462 (r)
732 1413 917 1453 evanescit.
953 1412 1039 1451 Hoc
1064 1425 1180 1452 cornu
1204 1425 1305 1462 aeque
1332 1412 1445 1450 altum
1477 1412 1552 1455 est,
1592 1420 1652 1452 aut
1674 1411 1784 1462 paulo
1813 1413 1923 1450 etiam

327 1473 500 1513 humilius
516 1501 525 1516 ,
561 1484 670 1522 quam
694 1472 871 1524 posterior
900 1472 1050 1511 valvulae
1076 1473 1208 1521 origo:
1247 1472 1435 1511 dimidiam
1458 1472 1550 1510 adeo
1587 1472 1623 1510 &
1654 1471 1826 1510 finistram
1849 1471 1928 1510 fere

328 1542 429 1573 venae
447 1541 540 1571 cavae
566 1532 807 1582 peripheriam
829 1531 968 1571 valvula
989 1533 1158 1571 emetitur
1174 1560 1185 1574 ,
1223 1531 1408 1582 aliquanto
1436 1539 1556 1571 tamen
1582 1531 1790 1581 longiorem
1808 1559 1819 1574 ,
1863 1536 1929 1571 aut:

329 1601 455 1632 contra
484 1594 690 1630 breviorem
721 1593 840 1641 (s),
875 1600 936 1631 aut
964 1593 1106 1634 tertiam
1133 1591 1282 1633 demum
1313 1599 1452 1643 partem
1477 1593 1636 1629 ambitus
1660 1590 1827 1630 auriculae
1856 1592 1929 1628 cir-

330 1652 516 1701 cumlegit.
563 1651 696 1690 Eadem
718 1653 755 1690 in
780 1653 855 1690 aliis
872 1652 908 1692 δι
927 1652 1002 1690 aliis
1026 1651 1258 1690 cadaveribus
1285 1653 1378 1691 varia
1408 1651 1547 1691 valvula
1571 1663 1617 1688 ex
1640 1651 1848 1689 membrana
1869 1652 1927 1688 ina

331 1721 429 1749 terna
459 1712 592 1749 dextrae
624 1712 790 1751 auriculae
817 1710 880 1755 fit,
923 1723 1003 1762 quae
1030 1711 1222 1752 abscedens
1253 1710 1298 1749 de
1330 1723 1375 1750 eo
1404 1711 1632 1761 receptaculo
1651 1739 1661 1754 ,
1696 1712 1808 1760 inque
1833 1708 1929 1759 scip-i

330 1769 401 1808 sam
428 1783 473 1807 ex
497 1772 569 1808 acie
591 1771 745 1809 redeuns
762 1800 770 1814 ‚
806 1773 843 1808 in
868 1783 968 1809 venae
999 1784 1092 1811 cavae
1117 1772 1298 1809 internam
1318 1772 1566 1810 membranam
1587 1772 1661 1808 abit
1681 1782 1689 1807 t
1724 1769 1842 1807 media
1865 1780 1927 1806 ve-

329 1842 372 1868 ro
404 1830 569 1868 cellulosa
597 1830 665 1868 tela
696 1832 789 1868 inter
819 1838 1037 1881 utramque,
1075 1842 1185 1880 quam
1214 1830 1316 1872 dixi,
1370 1830 1541 1870 laminam
1571 1830 1829 1881 interponitur.
1871 1827 1927 1866 Ita

1883 1888 1929 1929 »in

371 2006 449 2044 (m)
473 2004 595 2043 Qualem
612 2005 690 2037 'Clau
716 2001 744 2036 *V
759 2016 775 2035 ιε
792 2016 809 2035 n
828 2015 845 2034 c
863 2016 873 2035 ι
887 2016 900 2035 ι
914 2015 928 2034 ι
954 2001 1098 2044 descripsit
1121 2004 1150 2034 ln
1172 2007 1260 2035 eours
1282 2003 1459 2034 d'anammie.

371 2048 447 2085 (n)
471 2048 553 2078 Cunf.
579 2048 618 2078 ΩΙ,
642 2048 754 2078 San».
770 2057 786 2077 e
813 2046 848 2077 T.
881 2047 901 2077 1.
931 2057 956 2085 p.
991 2053 1058 2083 228.
1083 2042 1118 2078 T.
1141 2046 1174 2077 Η.
1199 2055 1228 2085 p.
1248 2046 1317 2082 624.
1342 2045 1415 2077 Tab.
1437 2041 1522 2078 nostr.
1550 2052 1576 2076 2.
1607 2043 1644 2075 ad
1667 2042 1702 2076 Ο.
1723 2045 1750 2075 ἀ
1772 2044 1833 2084 Fig.
1860 2054 1887 2083 7.
1901 2053 1930 2078 -a

330 2088 375 2127 fig.
399 2091 424 2120 8.
445 2086 594 2126 asirsciculi
619 2089 666 2119 lV.

370 2130 444 2167 (ο)
469 2129 560 2159 Rov
577 2141 596 2159 Η
612 2135 723 2160 Auci·
744 2125 837 2169 qfferv.
865 2138 891 2167 p.
918 2139 963 2160 21.
987 2128 1006 2159 l.
1034 2133 1058 2159 c.

370 2171 447 2208 (p)
469 2171 492 2206 J.
522 2171 550 2201 B.
576 2171 802 2205 Morzcasx
824 2180 870 2200 us
899 2169 979 2209 Epist.
1000 2170 1090 2200 Anat.
1110 2168 1173 2200 XV.
1200 2177 1228 2198 n.
1255 2177 1303 2207 40.
1325 2167 1350 2204 J.
1375 2167 1404 2198 B.
1435 2165 1577 2197 Semne
1599 2166 1635 2198 T.
1660 2166 1685 2197 Ι.
1709 2177 1736 2205 p.
1761 2171 1828 2202 223.
1856 2175 1923 2204 229„

332 2214 415 2242 Caict.
444 2211 459 2240 P
473 2222 485 2240 e
506 2222 520 2240 r
537 2222 551 2240 r.
567 2223 605 2241 io
618 2224 632 2240 c
643 2220 666 2242 υ
677 2222 690 2242 s
714 2213 749 2242 ad
768 2211 789 2242 E
801 2221 847 2242 us
864 2222 882 2240 r
898 2222 915 2241 A
930 2222 947 2241 c
961 2221 982 2241 s
997 2222 1005 2240 1
1022 2222 1030 2239 ι
1057 2210 1182 2240 tabulam
1199 2208 1263 2239 XV.
1287 2208 1310 2246 J.
1334 2208 1502 2239 Godofridus
1515 2207 1534 2238 B
1546 2215 1567 2239 R
1580 2218 1594 2238 ε
1606 2217 1627 2238 N
1641 2218 1660 2238 n
1673 2218 1688 2238 i
1701 2219 1718 2238 ι.
1738 2208 1767 2238 in
1781 2217 1924 2246 prograna.

331 2254 364 2283 de
390 2252 504 2281 vulvula
530 2252 654 2289 Eustticl).
687 2254 717 2283 in
744 2252 779 2283 Π.
809 2261 888 2283 tomo
911 2252 1069 2282 nostrarum
1089 2250 1316 2289 disputationum
1335 2249 1442 2280 recuso-

372 2293 384 2328 (
401 2294 445 2331 q)
470 2293 499 2321 ln
520 2303 551 2322 ea
578 2294 694 2331 regione
709 2316 718 2330 ‚
749 2305 804 2331 qua
830 2304 901 2323 vena
918 2303 986 2324 cava
1007 2293 1133 2323 sternum
1153 2291 1295 2329 contingit
1315 2290 1336 2321 E
1354 2301 1370 2320 υ
1387 2301 1399 2321 s
1412 2301 1432 2320 'r
1444 2301 1463 2320 Λ
1477 2300 1496 2320 c
1508 2299 1550 2320 ι-ιι
1564 2295 1588 2319 υ
1600 2298 1612 2318 s
1635 2288 1654 2318 l.
1676 2298 1702 2319 c.

372 2334 383 2367 (
407 2334 451 2369 r)
477 2332 506 2361 ln
530 2333 613 2363 icone
638 2335 727 2364 nostra
752 2345 776 2370 7·
807 2335 833 2365 δι
857 2340 883 2370 8.
908 2335 932 2364 h.
959 2344 1020 2373 quae
1043 2333 1175 2367 nondum
1199 2340 1289 2365 totam
1310 2331 1525 2371 longitudinem
1551 2329 1710 2370 exprimit,
1734 2333 1797 2363 tum
1819 2327 1875 2362 tab.
1893 2327 1926 2359 ²)

332 2373 920 2410 P.&iniconeJ.ALANC1srr.
1633 2382 1637 2387 “

371 2414 803 2455 (13Mcaciiczi.l.c.
829 2426 855 2447 n.
881 2422 925 2452 28.
960 2424 1006 2457 40.
