2003 2748
564 141 925 205 ‘SEcrtrrn
983 139 1234 184 VENAE.
1622 155 1694 191 ης

103 256 282 285 ¹venarum
310 242 355 282 ad
382 242 458 281 suas
488 244 630 281 arterias
658 243 858 281 rationibus
881 243 1115 280 conveniunt.
1158 240 1252 280 KE1
1269 251 1318 277 LI
1334 250 1430 279 ANA
1463 239 1555 277 mihi
1588 241 1699 277 nimia

108 306 259 344 videtur.

168 365 280 403 lliacae
301 364 435 400 arteriae
454 362 498 400 ad
523 361 620 400 suam
640 373 768 398 venam
791 362 969 398 rationem
994 359 1026 398 C
1041 373 1085 397 rr
1102 372 1158 397 FT
1173 372 1195 397 o
1209 371 1234 397 N
1249 372 1299 396 us
1320 359 1405 396 fecit
1426 371 1515 396 100.
1536 359 1581 397 ad
1605 371 1619 395 1
1633 366 1694 411 64.

108 422 223 475 (t),
262 422 362 461 valde
384 434 550 471 parvam3
581 420 640 458 sed
663 422 770 457 etiam
801 432 871 468 ego
899 432 938 457 ea
972 419 1046 457 vasa
1073 421 1189 469 reperi
1222 419 1256 456 se
1284 418 1414 456 habere
1431 420 1482 456 uti
1508 425 1628 465 3844.
1656 420 1700 456 ad

111 490 236 529 7396.
263 481 319 519 vel
342 484 394 519 uti
416 491 451 526 4.
479 481 523 517 ad
555 491 590 523 9.
622 482 755 518 iterum
780 481 896 528 magis
923 481 961 516 in
991 481 1130 517 ratione
1160 480 1352 517 communi
1387 478 1554 516 vasorum
1574 478 1701 517 utrius-

109 555 178 592 que
210 542 361 590 generis.

167 600 323 639 Cruralis
348 599 482 637 arteriae
509 599 552 636 ad
581 598 680 636 suam
709 610 845 638 venam
871 598 1063 636 sestionem
1095 597 1302 647 Franciscus
1339 596 1581 636 Bo1ss1m
1616 598 1698 635 facit

112 671 201 698 100.
236 671 329 706 217.
356 661 414 707 <u
431 657 450 706 )
467 687 476 701 ‚
512 658 671 696 distentis
698 671 784 696 vero
808 657 913 700 vasis,
948 658 1048 708 quod
1072 659 1227 700 mirum,
1256 664 1319 703 87.
1350 669 1362 692 1
1380 668 1440 700 31.
1457 657 1513 694 vel
1533 667 1567 694 2.
1600 668 1631 702 3.
1653 669 1699 694 ex·

107 718 177 768 qua
200 721 338 757 ratione
357 718 584 768 sequeretur,
627 730 755 756 venam
787 720 907 756 minus
929 746 940 761 ,
977 730 1085 767 quam
1114 719 1238 755 arteria
1256 746 1265 760 ,
1314 716 1524 754 distentioni
1551 717 1700 755 obsecu-

105 786 178 816 tam
202 777 278 816 effe.

166 838 362 876 Subclaviae
392 849 492 874 vena:
522 834 703 875 rationem
737 837 781 874 ad
812 837 909 875 suam
928 838 1091 874 arteriam
1120 838 1261 885 reperio
1298 842 1388 879 196.
1426 836 1470 873 ad
1505 842 1567 878 81.
1600 848 1699 874 venae

106 897 277 946 jugulatis
300 898 450 935 demum
471 895 515 933 ad
537 898 737 935 carotidem
760 907 838 942 441
869 896 913 933 ad
941 902 1029 940 196.
1066 908 1146 945 quae
1169 897 1261 933 ratio
1284 897 1377 932 inter
1398 896 1553 942 majores
1578 896 1635 932 est.

165 956 219 995 Ex
230 957 284 994 his
302 957 473 995 omnibus
485 954 603 994 sumto
621 956 781 1006 quodam
800 955 924 992 medio
942 968 1097 994 numero
1113 957 1202 993 ratio
1225 967 1299 992 non
1319 954 1475 992 multum
1491 954 1664 992 abludens
1681 967 1700 992 a

103 1017 245 1054 ratione
270 1027 304 1062 4.
336 1017 380 1052 ad
408 1029 442 1060 9.
473 1016 566 1052 inter
591 1018 798 1053 arteriarum
821 1027 1066 1063 venarumque
1088 1015 1226 1052 lumina
1247 1016 1431 1063 reperitur.

166 1074 303 1113 Arteria
327 1075 534 1124 spermatica
559 1086 644 1112 cum
675 1076 775 1111 venis
800 1075 837 1111 in
866 1075 976 1123 plexu
1001 1075 1274 1123 pampiniformi
1302 1073 1571 1122 comprehensis
1599 1074 1704 1111 coma'

102 1143 224 1184 parata
240 1163 249 1177 ,
285 1132 488 1172 incredibili
524 1136 662 1171 ratione
685 1133 869 1182 angustior
893 1134 950 1171 est.
986 1133 1027 1171 In
1058 1135 1219 1170 minimis
1246 1132 1332 1170 vafis
1355 1135 1534 1172 continuo
1560 1140 1701 1171 utrum-

104 1205 177 1242 que
197 1206 312 1242 genus
346 1205 391 1229 ex
419 1203 591 1230 venarum
616 1195 745 1241 majori
765 1192 911 1229 crassitie
942 1191 1147 1240 distinguas.
1189 1187 1375 1231 Venarum
1395 1192 1696 1235 choroidearum,

100 1264 185 1302 «quae
209 1252 285 1290 vasa
305 1252 481 1290 vorticosa
502 1260 702 1294 vocantur,
733 1252 891 1289 trunculi
914 1250 1090 1289 asteriolis
1115 1250 1294 1288 ciliaribus
1316 1253 1576 1300 mire'majores
1597 1252 1699 1295 sunt,

94 1311 155 1350 'fic
182 1312 319 1350 venulae
344 1312 599 1350 intestinorum
628 1311 808 1349 sodalibus
839 1311 1023 1348 arteriolis.
1061 1309 1230 1349 Arteriofi
1260 1309 1457 1359 venossque
1487 1312 1571 1348 retis
1599 1323 1701 1348 com-

104 1373 330 1421 parationem
360 1384 405 1408 ex
431 1372 538 1408 icone
567 1371 925 1409 CH-ESELDENII
956 1373 1032 1408 nox]
1066 1370 1160 1407 male
1188 1370 1380 1408 institueris
1411 1371 1512 1417 (x).
1548 1369 1701 1420 Optime

106 1443 194 1468 vero
217 1432 390 1480 adparet,
426 1438 603 1480 quantum
619 1442 719 1468 venae
747 1429 936 1479 superent,
971 1428 996 1466 fi
1019 1431 1056 1466 δε
1077 1431 1240 1467 arteriam
1265 1431 1301 1466 ὅτ,
1326 1441 1455 1467 venam
1481 1429 1696 1479 repleveris,

106 1499 194 1527 tunc
214 1491 252 1527 in
272 1490 396 1527 eadem
423 1491 586 1538 corporis
607 1498 726 1538 parte,
762 1499 802 1526 ut
826 1491 864 1526 in
887 1488 1055 1526 intestino
1075 1518 1083 1532 ‚
1117 1496 1314 1537 utrumque
1338 1501 1454 1536 genus
1470 1500 1701 1538 comparave-

105 1551 162 1586 ris.
199 1548 306 1586 Certe
335 1556 423 1586 tunc
442 1550 576 1585 arteriae
602 1548 675 1586 fere
701 1548 907 1586 evanescere
941 1547 1055 1585 solent
1071 1576 1080 1590 ‚
1117 1548 1256 1585 obruta:
1277 1560 1296 1585 a
1319 1548 1420 1585 mole
1448 1548 1484 1584 δε
1506 1560 1524 1584 a
1545 1560 1701 1586 numero

98 1620 281 1647 venarum
298 1636 308 1651 ‚
331 1608 511 1657 rubetque
537 1620 684 1651 earum,
718 1606 940 1650 &validior‚
965 1607 1095 1644 colora
1113 1607 1266 1645 caeruleo
1279 1606 1414 1644 venoso
1444 1607 1637 1655 obtegitur.

688 1721 726 1762 ς.
761 1716 846 1755 XI.
915 1716 1104 1754 Numerus.

162 1825 255 1866 Non
280 1826 398 1865 solum
416 1828 522 1865 enim
546 1827 727 1865 diametris
744 1855 754 1869 ,
791 1826 851 1864 sed
877 1829 1010 1876 pariter
1036 1838 1192 1863 numero
1219 1839 1320 1865 venae
1345 1826 1537 1876 superant,
1583 1826 1700 1864 obser-1

88 1892 211 1923 :vante
230 1886 371 1925 dudum
396 1887 565 1934 johanne
593 1899 661 1924 van
684 1885 791 1924 Hos
805 1898 829 1924 N
843 1898 863 1923 r:
896 1888 913 1934 (
925 1900 951 1933 y
968 1888 985 1934 )
1002 1915 1011 1930 ,
1048 1896 1088 1923 ut
1113 1899 1218 1924 venas
1241 1889 1376 1924 arteriis
1398 1886 1506 1935 triplo
1527 1898 1701 1924 numero-

106 1944 213 1981 fiores
242 1946 367 1983 fecerit
395 1946 622 1984 Leonhardus
656 1945 850 1983 Tissm
882 1947 976 1992 (z).
1023 1944 1075 1982 Ita
1096 1959 1194 1988 area,
1222 1945 1429 1983 fivelumen
1463 1945 1700 1992 conjunstum

107 2005 486 2048 omniumvenarum,
522 2005 640 2043 multo
657 2006 772 2052 major
811 2004 850 2041 fit
877 2005 1073 2052 conjunem
1106 2007 1275 2042 omnium
1303 2007 1512 2042 arteriarum
1538 2004 1696 2047 lumine,

105 2061 282 2111 fiquidem
308 2075 408 2100 venae
429 2063 608 2101 sodalibus
630 2065 764 2101 arteriis
792 2065 827 2100 &
849 2064 1001 2110 majores
1017 2064 1097 2101 sunt
1113 2093 1122 2107 ‚
1158 2065 1194 2100 &
1223 2076 1378 2101 numero
1395 2063 1569 2114 superant.
1603 2064 1700 2101 Nam

105 2122 268 2169 ingentia
296 2125 382 2160 retia
405 2123 535 2160 venosa
562 2123 717 2171 plurima
738 2124 889 2171 reperias
911 2152 920 2165 ‚
964 2124 1094 2171 quibus
1117 2136 1210 2171 aegre
1231 2123 1432 2172 quidquam
1458 2122 1614 2160 arteriofi
1640 2124 1701 2161 ad-

105 2181 253 2219 mistum
287 2181 403 2220 fuerit.
439 2181 626 2230 Ejusmodi
655 2182 719 2220 sub
740 2190 822 2220 cute
843 2184 930 2220 retia
961 2182 1161 2232 frequentia
1191 2182 1295 2226 sunt,
1343 2184 1444 2221 utin
1468 2183 1565 2220 collo
1586 2182 1698 2226 illud,

1636 2242 1701 2280 du-

148 2295 162 2332 (
183 2301 196 2325 t
214 2297 226 2333 )
250 2307 277 2334 p.
297 2307 358 2327 100

147 2337 160 2372 (
177 2348 197 2365 u
215 2338 226 2373 )
251 2338 258 2367 l
296 2348 320 2367 c.

144 2377 224 2414 (x)
247 2378 320 2409 Tab.
341 2387 386 2415 30.
408 2380 476 2412 edit.
494 2384 533 2411 6.
557 2388 628 2411 nam
630 2392 682 2411 om
708 2381 835 2419 ossum
853 2384 933 2420 lady.

148 2417 222 2454 (ιγ)
246 2417 356 2449 Multas
379 2430 466 2450 venas
493 2421 547 2451 effe
571 2423 674 2461 absque
696 2425 803 2455 arteriis
825 2425 906 2455 sociis
926 2425 959 2454 de
977 2419 1216 2461 duc'iih.fi1lival.
1243 2421 1301 2453 diss.
1325 2432 1368 2453 11

148 2457 193 2494 (z
212 2460 224 2496 )
246 2461 417 2501 Adminstr.
444 2468 526 2493 anat
554 2473 584 2502 p
608 2474 655 2502 94.

1166 2507 1201 2545 R
1268 2519 1283 2552 3
