2003 2748
317 139 404 178 270
793 123 1157 166 ''LIBIV
1224 125 1398 166 COR.

318 225 458 275 trasque
484 230 600 273 partes
626 223 840 271 regionem,
877 222 985 260 latera
1011 221 1070 260 sua
1089 218 1133 259 eb
1155 220 1226 259 offe
1246 222 1400 270 pestoris
1431 220 1646 259 mediastino
1668 222 1704 259 ὃς
1733 225 1913 273 pulmone

318 284 473 334 separata
504 282 620 319 habet.
657 281 803 330 Nempe
834 280 860 318 fi
884 281 1105 331 pulmones,
1149 282 1256 318 etiam
1289 288 1479 323 exemtos,
1531 280 1766 319 vehementer
1814 285 1915 322 infia-

322 344 438 384 veris‚
475 347 564 378 tunc
593 348 653 378 aut
681 342 837 377 omnino
861 347 982 378 totum
1005 340 1249 389 pericardium
1279 339 1560 389 conpledluntur
1590 341 1626 377 δι
1657 340 1885 380 abscondunt
1905 372 1914 386 ,

324 409 384 439 aut
407 400 596 437 minimam
623 401 732 436 imam
755 428 764 442 ,
801 399 960 436 mediam
982 400 1019 436 ὃς
1043 400 1262 437 anteriorem
1288 398 1499 448 particulam
1529 398 1663 436 nudam
1692 400 1913 451 relinquunt.

326 458 396 498 Sed
423 460 528 496 etiam
555 459 636 507 post
660 465 819 495 mortem
849 458 1042 507 pulmones
1060 487 1070 502 ,
1105 470 1190 496 cum
1216 457 1259 495 ad
1293 458 1456 509 pleuram
1485 457 1649 507 undique-
1677 458 1916 502 adhaefiffent,

314 518 360 556 ‘se
386 517 586 567 pericardio
611 518 646 554 ἅ
673 518 793 555 sterno
815 517 1129 567 interposuerunt,
1158 524 1198 555 ut
1226 517 1400 566 nusquam
1432 518 1460 553 is
1487 516 1606 554 saccus
1630 516 1674 554 ad
1701 529 1742 555 os
1766 519 1921 569 pestoris

326 577 532 627 perveniret
563 576 665 624 (s).
702 576 745 613 In
777 576 948 614 cadavere
974 578 1061 614 Vero
1089 576 1329 625 plerumque,
1374 575 1521 625 quando
1554 575 1763 625 profestoris
1794 589 1922 615 manus

327 636 418 674 nihil
446 636 601 673 omnino
631 637 807 679 mutavit,
842 647 963 685 neque
990 637 1028 672 in
1051 636 1269 684 pulmonem
1290 634 1414 673 flatum
1443 634 1600 683 inpulit,
1640 637 1767 685 utique
1791 636 1922 686 pulmo

330 695 448 732 dextri
467 694 584 731 lateris
607 695 653 730 ita
674 694 707 731 se
735 694 778 732 de
801 695 911 732 corde
938 694 1108 737 retrahit,
1140 695 1232 731 ut&
1251 705 1379 731 mucro
1404 693 1537 731 dextrae
1557 694 1723 732 auriculae
1738 724 1747 738 ‚
1786 697 1822 733 δι
1843 708 1924 733 cor-

332 754 387 792 dis
408 766 487 803 pars
519 753 644 790 dextra
677 753 712 790 δε
739 755 897 791 anterior
918 753 1015 791 nuda
1042 752 1092 790 fit.
1128 752 1180 790 Ita
1199 753 1272 790 fere
1293 752 1407 801 vulgo
1428 752 1671 801 describitur(
1689 759 1703 790 t
1719 753 1735 799 )
1753 782 1762 797 ,
1800 754 1924 803 saepius

332 821 455 851 tamen
486 813 593 849 nimis
620 824 751 861 magna
782 814 904 862 portio
934 812 1054 851 cordis
1089 812 1185 850 nuda
1214 812 1423 861 depingitur
1454 810 1545 862 (u)
1568 840 1578 855 ,
1619 811 1723 860 quale
1753 813 1920 863 adparet,

335 873 479 922 quoties
503 883 560 908 aer
587 873 624 907 in
650 871 803 920 pe&0ris
829 874 942 921 aperti
963 883 1109 909 caveam
1140 869 1307 908 admissus
1340 870 1535 920 pulmones
1562 870 1754 920 conpressit
1771 900 1780 914 ,
1818 873 1854 909 ὃς
1882 871 1926 909 ad

336 931 483 969 dorsum
507 930 648 979 repulit.
684 930 775 968 Non
805 930 882 968 satis
908 932 1015 968 etiam
1037 942 1121 967 vere
1145 941 1209 967 cor
1231 929 1373 967 nudum
1392 930 1505 967 costas
1528 929 1632 967 ferire
1655 929 1786 968 dicitur
1807 930 1923 979 (x),

338 991 374 1027 &
397 989 612 1039 pulmonem
636 987 815 1028 sinistrum
845 1002 913 1039 pro
943 1001 1120 1028 mucrone
1147 989 1267 1026 cordis
1295 987 1391 1038 quafi
1423 987 1582 1026 excisum
1607 987 1674 1026 esse
1698 987 1794 1040 (y).
1830 988 1928 1026 Cum

339 1050 437 1086 enim
467 1047 596 1097 pulmo
625 1049 663 1084 in
684 1049 770 1085 vivo
791 1048 942 1086 homine
972 1056 1094 1086 totum
1114 1048 1252 1097 semper
1279 1047 1402 1097 peetus
1428 1045 1588 1096 repleat,
1627 1049 1674 1085 ita
1688 1047 1928 1097 pericardium

339 1106 490 1144 describi
513 1113 661 1155 oportet
675 1135 684 1149 ,
719 1109 774 1145 uti
796 1107 830 1145 se
849 1108 980 1151 habet,
1021 1107 1169 1158 quando
1191 1106 1320 1157 pulmo
1345 1107 1388 1145 ab
1413 1108 1501 1144 aeris
1523 1108 1663 1145 externi
1681 1106 1811 1146 adflatu
1838 1106 1928 1144 liber

339 1179 403 1216 per
423 1165 545 1216 pedlus
569 1166 793 1215 expanditur.

626 1278 658 1320 §-
692 1273 825 1313 XIII.
897 1274 945 1313 Ut
972 1273 1145 1313 adhaereat
1168 1274 1258 1323 vasis
1284 1274 1431 1324 nmgnis.
1466 1274 1641 1313 Anterius.

403 1383 612 1431 Quomodo
634 1384 874 1433 pericardium
898 1384 942 1421 ad
966 1384 1086 1422 cordis
1115 1383 1208 1421 finus
1228 1383 1413 1432 &magna
1433 1384 1509 1421 vasa
1526 1383 1700 1421 adhaereat
1715 1411 1724 1426 ,
1765 1383 1932 1423 nondum

343 1443 421 1480 satis
446 1443 553 1492 plene
579 1442 712 1480 dielum
736 1443 785 1480 est
801 1471 811 1486 ‚
847 1455 966 1492 neque
983 1443 1056 1480 fere
1078 1443 1149 1480 diei
1163 1443 1302 1491 potest,
1337 1442 1399 1480 nifi
1426 1442 1527 1480 hunc
1545 1443 1684 1481 saccum
1703 1455 1722 1480 a
1746 1442 1934 1492 diaphrag-

318 1538 321 1539 7
344 1510 440 1539 mate
470 1502 662 1539 liberatum
678 1530 687 1544 ‚
722 1513 787 1550 per
811 1504 987 1550 exiguum
1015 1504 1107 1539 circa
1137 1513 1355 1539 mucronem
1376 1502 1505 1539 vulnus
1532 1501 1707 1539 inflaveris
1723 1530 1732 1544 ‚
1769 1504 1861 1540 circa
1880 1504 1936 1539 in-

346 1559 489 1598 missum
518 1560 688 1599 tubulum
714 1572 801 1598 vero
826 1561 889 1598 filo
914 1562 1099 1604 vinxer1s‚
1136 1567 1176 1598 ut
1198 1573 1318 1598 aerem
1344 1562 1514 1598 retineat:
1550 1573 1629 1610 quae
1647 1561 1795 1610 quidem
1823 1561 1937 1598 admi-

346 1620 508 1657 nistratio
532 1621 569 1656 in
598 1620 838 1658 tenerioribus
868 1623 988 1669 pueris
1017 1632 1095 1657 non
1122 1619 1233 1657 facilis
1255 1620 1403 1669 quidem
1419 1649 1428 1664 ‚
1464 1632 1532 1659 nec
1560 1627 1681 1657 tamen
1706 1621 1849 1669 penitus
1869 1621 1937 1656 im-

348 1677 521 1727 possibilis
534 1679 592 1715 est.
629 1678 755 1724 Quare
766 1679 809 1716 ad
821 1691 917 1717 meas
931 1680 1198 1718 observationes
1215 1678 1279 1717 fibi
1291 1686 1501 1730 conparatas
1519 1679 1586 1717 hos
1602 1678 1689 1717 fines
1713 1679 1907 1717 describam
1923 1707 1933 1721 ,

350 1738 458 1773 etiam
478 1739 585 1775 icone
602 1737 743 1784 adjecta.

406 1794 575 1833 Anterius
596 1808 650 1832 res
676 1795 753 1832 satis
772 1796 883 1833 facilis
904 1798 953 1834 est
969 1826 978 1839 ‚
1025 1799 1060 1834 &
1086 1797 1303 1845 plerumque
1328 1797 1401 1835 fere
1432 1797 1546 1846 vulgo
1572 1803 1668 1834 nota.
1704 1796 1849 1845 Nempe
1876 1807 1939 1845 pe-

349 1855 543 1892 ricardium
566 1854 720 1891 adhaeret
745 1857 930 1903 primum,
970 1862 1011 1893 ut
1034 1868 1053 1892 a
1080 1855 1214 1891 dextris
1234 1856 1382 1893 initium
1413 1855 1495 1898 fiat,
1531 1867 1629 1892 venae
1658 1855 1861 1904 pulmonali
1883 1855 1939 1892 su-

350 1915 485 1963 periori
506 1913 623 1951 dextri
647 1913 788 1956 lateris,
823 1914 967 1963 ejusque
991 1926 1093 1951 ramo
1111 1913 1297 1965 inferiori,
1343 1914 1379 1950 δε
1400 1926 1485 1952 cum
1508 1926 1546 1951 ea
1565 1925 1656 1951 vena
1673 1913 1855 1951 cellulosas
1872 1913 1940 1962 pli-

351 1984 408 2010 cas
434 1972 477 2010 ad
501 1972 718 2022 pulmonem
750 1974 870 2009 mittit.
906 1972 994 2011 Haec
1018 1971 1169 2010 adhaefio
1190 1972 1381 2022 posteriori
1401 1973 1485 2011 loco
1512 1974 1689 2022 ponitur,
1742 1973 1778 2010 &
1806 1985 1825 2010 a
1848 1984 1939 2010 vena

352 2043 437 2070 cava
457 2032 531 2070 fere
559 2031 791 2070 absconditur
818 2033 871 2079 (z
887 2032 917 2081 ).

1850 2089 1941 2128 Inde

394 2182 410 2259 ἕ
458 2179 622 2259 {Opusxutl
640 2183 778 2220 patlolog.
798 2180 852 2221 ols.
876 2185 920 2213 16.

426 2192 439 2210 ,ἲ

432 2229 445 2251 t
499 2223 604 2252 Confer
630 2233 655 2252 v.
681 2233 704 2252 c
729 2224 785 2259 Jol.
788 2235 874 2253 annes
896 2225 940 2254 As
953 2232 973 2252 r
988 2233 1005 2253 a
1024 2233 1044 2253 υ
1058 2233 1076 2254 c
1101 2224 1145 2253 lit
1167 2221 1274 2254 doestiss.
1301 2223 1330 2253 in
1349 2221 1417 2253 thesi
1445 2221 1481 2252 ad
1501 2221 1562 2253 haec
1583 2220 1669 2254 verba
1689 2223 1761 2261 Ergo
1781 2230 1815 2253 ex
1841 2225 1943 2252 anuto

354 2271 398 2291 me
411 2262 558 2302 ficltiliowi
578 2272 625 2291 ars
646 2273 684 2292 m
682 2265 757 2292 dica
775 2267 886 2294 certior

397 2303 1314 2339 (1)AVEst10v....cLVIf.2.EUS'rAcH
1348 2301 1589 2336 T.XVI.f.1,

396 2344 410 2417 ἓ
460 2342 794 2420 ἐΒΛΕιΛυι-ῄι]
789 2346 1019 2382 ισιηίνῖηοοςίερ.
1047 2354 1153 2424 24ο.6

397 2424 445 2458 (
462 2424 474 2460 )

495 2383 519 2413 D
533 2394 540 2411 ι
556 2393 568 2413 s
582 2393 600 2412 n
613 2394 622 2412 1
640 2393 654 2413 n
668 2394 686 2413 R
705 2382 932 2423 fiolzmlmologie
947 2385 982 2414 T.
1014 2385 1048 2416 ll.
1075 2396 1102 2424 p.

427 2315 447 2332 u

427 2355 448 2372 x

422 2394 444 2420 ³1

428 2444 445 2453 0
496 2423 572 2455 Hinc
591 2433 649 2454 non
675 2425 793 2463 adparet
813 2426 842 2457 in
865 2426 901 2458 T.
925 2425 1038 2458 XV1.f.
1064 2437 1090 2458 2.
1119 2386 1183 2461 E6u
1190 2435 1270 2459 ΠΛ
1285 2435 1402 2465 cau,
1426 2428 1454 2461 ἃ
1471 2424 1558 2461 etiem
1575 2425 1713 2461 minusin
1729 2424 1835 2462 nostra.
