2003 2748
268 99 306 140 Χ
723 91 1430 136 PRAEFATIO

268 192 302 235 ti
324 221 333 239 ‚
363 205 462 249 quae
487 188 569 233 sola
586 190 631 232 in
656 205 752 233 mea
771 187 979 248 potestate
1002 187 1258 249 supererant,
1293 190 1417 250 Ergo
1435 188 1545 236 vivis
1573 190 1618 235 in
1637 189 1892 238 animalibus

269 251 408 295 cordis
436 259 609 293 motum
636 251 680 294 &
703 248 1053 308 respirationem;
1092 249 1165 294 sed
1192 251 1405 311 imprimis
1437 253 1554 294 annis
1587 263 1718 308 1754.
1753 264 1886 311 1755.

276 327 294 355 1
307 314 409 368 756.
443 312 487 354 ὃς
514 320 644 365 1757.
688 308 903 367 sanguinis
920 324 999 368 per
1015 308 1232 368 pellucida
1253 312 1505 355 animalium
1532 310 1798 370 frigidorum
1818 329 1890 357 va-

270 369 313 414 sa
333 371 440 418 iter,
483 371 527 412 6<
554 368 661 427 pulli
694 367 875 412 salientis
907 368 1223 428 phaenomena,
1256 373 1301 416 &
1322 371 1474 414 oflium
1512 372 1557 414 in
1588 370 1783 416 nascente
1811 389 1893 416 ave

269 429 604 476 formationem,
631 428 828 487 plurimis
855 430 1157 488 experimentis
1174 430 1446 489 persecutus,
1477 431 1592 475 aliud
1618 441 1789 491 tempus
1822 431 1891 476 de-

269 489 379 534 stino
416 487 659 547 repetendis
691 489 914 547 periculis,
949 488 1003 532 ad
1029 491 1318 548 generationis
1340 491 1561 535 historiam
1584 522 1596 539 ,
1629 494 1673 536 ὅ(
1703 493 1894 551 primor-

271 548 342 592 dia
365 547 567 592 nascentis
591 548 782 591 animalis
806 549 1134 607 pertinentibus.
1171 550 1272 604 Quo
1302 559 1500 610 tempore
1532 550 1643 594 hanc
1677 551 1899 610 praefatio·-

270 624 373 652 nem
393 607 554 651 Lector
571 607 689 667 leget
703 638 713 656 ‚
734 617 924 667 quatuor
946 608 1174 653 exstabunt
1188 610 1348 654 horum
1366 611 1765 670 experimentorum
1784 611 1897 656 tomi

271 673 322 722 (h
341 674 359 719 )
380 698 391 717 ,
429 667 586 727 quibus
609 667 853 712 testimonia
877 684 958 728 pro
987 685 1084 713 mea
1105 668 1307 714 sententia
1339 671 1628 715 continentur.

332 728 494 787 Copias
521 743 636 771 meas
676 729 900 775 enarravi,
938 727 1007 773 sed
1037 745 1103 773 eas
1130 745 1220 773 non
1246 728 1432 774 sufficere
1462 729 1585 774 facile
1613 729 1893 790 persuadeor.

271 788 480 847 Intelligo
506 788 621 831 enim
638 818 649 836 ,
688 788 826 831 varias
849 787 927 831 esse
952 790 1143 849 corporis
1165 789 1347 834 humani
1374 790 1603 850 particulas
1627 821 1638 838 ,
1678 805 1782 849 quas
1802 806 1894 834 non

272 847 368 892 satis
392 848 575 908 repetito
594 877 606 895 ,
638 856 713 891 aut
737 846 827 891 satis
847 847 1011 892 curiose
1028 879 1040 897 ‚
1069 850 1250 894 rimatus
1276 849 1367 893 sum
1383 880 1394 898 ‚
1427 859 1502 893 aut
1531 849 1687 909 quibus
1716 849 1896 893 admini-

271 908 494 952 strationes
515 907 758 951 neceffarias
775 909 821 953 ὅ(
839 906 1026 952 difficiles
1052 908 1304 969 impendere
1334 925 1423 954 non
1443 910 1562 953 licuit
1574 940 1586 958 ‚
1610 925 1689 969 per
1706 925 1811 967 quas
1828 907 1896 952 so·-

272 968 333 1011 las
365 967 652 1011 innotescunt.
686 968 1004 1026 Experimentis
1031 969 1161 1012 etiam
1188 970 1406 1014 nonnullis
1428 969 1657 1017 destituor,
1695 984 1795 1028 quae
1825 976 1900 1027 ap-'

272 1036 477 1088 paratum
501 1027 688 1086 aliquem
717 1027 1108 1072 instrumentorum
1138 1028 1378 1073 desiderant
1396 1060 1408 1079 ‚
1453 1029 1577 1088 supra
1610 1044 1726 1073 meas
1757 1027 1899 1072 fortu-

275 1103 349 1131 nas
382 1086 604 1147 positum:
638 1085 847 1143 ejusmodi
877 1087 972 1131 sunt
990 1119 1000 1137 ‚
1041 1104 1140 1148 quae
1170 1087 1224 1132 ad
1243 1089 1387 1133 lucem
1418 1090 1637 1149 pertinent
1667 1091 1713 1134 ὅς
1745 1087 1799 1132 ad
1825 1103 1899 1132 co·-

273 1148 394 1191 lores.
429 1148 586 1205 Neque
614 1145 822 1191 fabricam
855 1148 1108 1191 animalium
1135 1148 1227 1192 satis
1268 1147 1545 1209 frequenter,
1602 1147 1786 1207 satisque
1815 1147 1900 1192 stu-

276 1206 387 1251 diose
402 1239 413 1257 ,
446 1206 621 1250 scrutari
647 1207 794 1255 licuit,
831 1207 904 1250 etfi
929 1206 1030 1252 huic
1061 1208 1238 1267 quidem
1261 1210 1370 1252 vitio
1387 1239 1399 1258 ‚
1433 1208 1630 1267 quotidie
1648 1238 1660 1257 ‚
1682 1216 1902 1267 quantum

275 1268 374 1311 licet
391 1297 402 1316 ,
436 1266 624 1310 medeor.
661 1267 803 1310 Erunt
830 1267 959 1310 etiam
977 1297 987 1315 ‚
1019 1269 1157 1326 quiin
1176 1267 1384 1328 discipulo
1406 1273 1585 1319 johannis
1604 1269 1639 1312 E
1652 1283 1676 1311 E
1692 1283 1721 1311 R
1735 1283 1764 1311 N
1779 1281 1807 1311 ο
1820 1283 1846 1312 U
1859 1280 1902 1311 L-

276 1343 301 1372 L
318 1343 357 1371 11
379 1326 616 1371 reconditae
639 1325 852 1385 analyseos
877 1328 1088 1383 majorem
1103 1329 1303 1386 peritiam
1331 1327 1644 1372 defiderabunt.
1682 1327 1829 1382 Quare
1854 1327 1902 1370 in

308 1387 556 1446 ropriarum
575 1385 832 1429 facultatum
856 1387 1070 1430 brevitate
1093 1419 1103 1437 ,
1136 1389 1297 1431 necesse
1321 1386 1405 1431 fuit
1430 1403 1484 1433 aes
1514 1388 1704 1431 alienum
1731 1396 1901 1431 contra-

275 1403 390 1491 liere.
427 1447 538 1501 Quae
561 1446 606 1488 in
632 1446 850 1489 nonnullis
875 1447 1093 1505 particulis
1123 1448 1314 1507 corporis
1331 1447 1513 1491 humani
1537 1463 1628 1491 non
1647 1446 1743 1490 satis
1769 1446 1902 1490 subti-

276 1508 375 1551 liter
389 1507 568 1550 rimatus
586 1504 678 1548 sum
693 1534 704 1553 ‚
734 1521 783 1548 ea
807 1521 858 1548 ex
885 1506 923 1548 A
937 1520 961 1548 L
975 1520 1022 1549 131
1041 1521 1070 1549 N
1084 1520 1112 1548 0
1130 1539 1142 1558 ‚
1177 1522 1229 1550 ex
1254 1507 1333 1552 Ru
1349 1521 1373 1550 Y
1389 1522 1406 1550 s
1425 1522 1447 1550 c
1461 1522 1486 1550 H
1502 1523 1515 1550 1
1529 1521 1558 1549 o
1577 1537 1588 1555 ‚
1622 1522 1673 1550 ex
1695 1507 1783 1549 aliis
1807 1504 1906 1549 fidis

276 1566 472 1610 fontibus
501 1565 672 1622 recepi,
704 1563 912 1608 haetenus
940 1563 1099 1607 harum
1126 1581 1274 1608 rerum
1299 1567 1462 1624 peritus
1485 1595 1497 1613 ,
1532 1575 1583 1608 ut
1606 1566 1749 1608 minus
1780 1564 1905 1608 facile

278 1626 330 1670 fit
357 1624 467 1669 mihi
492 1624 730 1684 imponere.
764 1622 943 1682 Phyfica
966 1624 1260 1682 experimenta
1285 1639 1337 1668 ex
1354 1622 1391 1681 J.
1435 1628 1622 1676 Theophilo
1648 1625 1689 1668 D
1706 1639 1730 1667 E
1744 1639 1762 1667 s
1776 1640 1804 1667 A
1819 1638 1844 1666 G
1859 1639 1903 1668 u-

280 1700 481 1735 Liisns,
519 1700 571 1728 ex
593 1685 853 1726 SMlTHIO
874 1712 885 1731 ‚
928 1698 980 1726 ex
1000 1682 1589 1728 MuscHENBROECKm
1617 1684 1773 1743 recepi.
1815 1682 1904 1728 Ubi

282 1745 430 1790 omnia
459 1760 529 1788 me
557 1742 869 1806 destituerunt?
894 1757 1005 1802 pene
1023 1742 1222 1804 subplevi
1238 1742 1429 1792 hiatum,
1466 1742 1574 1788 dum
1596 1742 1823 1788 destituere
1840 1744 1908 1803 inf

282 1820 425 1866 genue
448 1802 573 1848 fass'us
597 1802 700 1846 sum.

342 1864 566 1924 Superest,
600 1873 649 1907 ut
676 1863 728 1907 de
748 1863 890 1907 studio
917 1880 1017 1908 meo
1048 1866 1092 1909 ὃς
1119 1862 1294 1908 confilio
1327 1865 1469 1924 operis
1515 1864 1658 1923 aliqua
1693 1862 1902 1923 praefatus

285 1924 506 1970 ostendam
522 1955 533 1974 ,
563 1939 650 1982 qua
670 1924 836 1968 ratione
852 1940 948 1968 mea
970 1923 1250 1973 materiejim
1266 1923 1378 1968 usus.
1412 1923 1725 1983 Descriptiones
1743 1924 1788 1967 in
1809 1925 1902 1969 uni·

284 1985 458 2031 versum
477 2002 528 2030 ex
545 1982 791 2029 adversariis
812 1985 917 2029 meis
939 1984 1110 2044 recepi,
1140 1983 1193 2029 ad
1209 1994 1411 2029 naturam
1432 1982 1587 2028 facias:
1617 1987 1661 2027 &
1679 1985 1723 2026 in
1744 2000 1904 2034 unam,

283 2057 333 2090 ut
358 2048 513 2104 potui,
544 2045 701 2088 multas
718 2060 833 2089 meas
861 2044 1052 2089 historias
1072 2046 1297 2093 contraxi,
1328 2044 1493 2103 quoties
1511 2042 1663 2087 multae
1689 2041 1908 2096 fuerunt3

284 2105 463 2151 fuerunt
489 2114 635 2150 autem
650 2103 739 2150 fere
757 2104 933 2163 ubique.
966 2104 1118 2164 Adjeci
1133 2103 1387 2166 aliquando,
1419 2119 1517 2162 quae
1539 2103 1608 2148 alii
1623 2112 1783 2161 praeter
1806 2119 1906 2160 mea,

1777 2163 1904 2217 Vide-⁴>

327 2288 340 2324 (
358 2288 375 2317 h
392 2287 406 2321 δ
430 2290 472 2317 De
491 2290 625 2326 partibus
641 2285 787 2328 stafilibus
804 2289 842 2325 ’ἐξ
861 2289 1054 2319 irritabilihus
1078 2289 1215 2321 [ausann.
1242 2287 1344 2328 gallice
1364 2291 1452 2327 ‘1756-
1481 2291 1525 2319 De
1541 2294 1622 2318 motu
1636 2284 1786 2326 stinguinis
1802 2283 1840 2321 (ἐξ
1853 2294 1901 2314 ve-

286 2340 327 2359 nae
337 2328 461 2368 ch7s0ne
485 2353 492 2365 ,
517 2329 582 2360 ibid.
610 2331 673 2360 eod.
700 2341 784 2360 anno.
818 2334 858 2360 De
879 2333 1037 2360 evolutione
1062 2334 1175 2364 eordis5
1210 2333 1243 2360 de
1266 2331 1360 2368 qffi'um
1381 2329 1578 2368 formatione,
1614 2331 1702 2368 deque
1724 2325 1904 2366 respit-iitsone

288 2370 442 2401 Lausannae
469 2379 553 2408 1757.
573 2380 595 2400 2.
617 2371 701 2401 Tom.
736 2373 797 2402 Atia
821 2372 910 2409 sparsa
927 2395 933 2406 ,
967 2373 1001 2401 ad
1021 2373 1208 2410 digestionem
1233 2372 1388 2410 ciborum,
1425 2372 1462 2403 ad
1483 2381 1586 2404 vocem
1601 2393 1610 2409 ,
1645 2370 1738 2408 adque
1762 2368 1817 2400 alia
1837 2374 1903 2400 Vltae

286 2412 417 2444 aalmatoe
442 2413 540 2444 munia
554 2434 562 2450 ‚
590 2422 627 2443 ex
649 2413 814 2446 adversariis
833 2414 904 2446 mels
923 2414 952 2444 in
975 2413 1185 2454 physiologiam
1207 2413 1345 2445 transtuli.
