2003 2748
249 114 376 190 ’2454-
467 136 470 141 ²
799 115 960 171 ΈῘΒ.
1030 119 1132 173 TV.
1197 129 1381 176 COR?

284 234 355 272 dio
371 223 532 282 quodam
546 237 702 266 numero
714 226 844 271 sumto,
860 229 1024 267 eamdem
1037 230 1265 269 altitudinem
1277 232 1426 271 aestimat
1435 232 1480 271 acl
1489 233 1623 285 septem
1635 235 1744 286 pedes
1755 250 1837 279 cuni
1848 239 1899 278 sea
1932 221 1939 227 ’
1958 273 1963 276 .
1992 230 2003 278 ’Ῐ

284 292 391 332 miffe
404 292 467 339 (q).
487 289 602 327 Porro
613 317 623 331 ‚
644 300 729 325 cum
741 287 777 325 P.
799 288 973 326 Antonius
985 289 1279 329 Micflssiorrus
1293 294 1310 340 (
1325 305 1346 330 r
1362 292 1595 339 >monuisset²
1615 295 1817 336 habendam
1830 299 1898 339 effe

231 377 234 380 ·
281 354 571 392 <rationemareae
589 347 781 385 ventriculi
798 346 924 386 sinistri
937 349 1057 387 cordis
1077 378 1086 393 ,
1111 352 1258 389 metitus
1283 364 1362 390 eam
1375 352 1622 403 superficiem,
1642 359 1775 406 reperit
1795 361 1900 408 quin.

241 428 246 432 ·
270 396 410 450 'decim
441 409 620 460 pollicum
651 407 921 457 quadratorum.
957 407 1005 446 Ea
1031 409 1255 459 superficies,
1278 412 1381 450 dudla
1401 414 1439 450 in
1454 413 1682 454 altitudinem
1694 416 1821 460 saltus,
1859 417 1902 455 ss-

288 483 338 509 ve
369 463 426 516 7'.
463 475 487 505 6
498 461 525 506 Ἰ.
554 467 719 506 mensura
755 468 804 505 est
846 468 1027 507 columnae
1053 469 1279 519 sanguineae,
1320 484 1400 522 quae
1420 501 1429 516 ,
1466 485 1512 511 ex
1539 474 1723 514 notiffimo
1757 476 1902 516 theore-

287 538 388 569 mate
400 527 651 578 hydrostatico
667 556 676 570 ‚
705 529 743 564 in
765 528 1008 566 ventriculum
1029 530 1150 567 cordis
1171 530 1296 568 sinistri
1315 534 1469 581 premit,
1501 534 1657 584 &quam
1673 537 1702 573 is
1718 538 1902 576 ventricu-

286 590 346 628 lus
384 588 590 627 contradus
622 587 746 625 elevat.
782 586 932 626 Pondus
959 597 1081 628 autem
1106 590 1205 628 istius
1233 591 1415 630 columnae
1442 592 1491 630 est
1523 593 1696 635 librarum
1727 605 1771 643 51
1789 625 1800 640 ‚
1833 609 1903 636 un.-

289 652 429 688 ciarum
456 650 629 698 quinque.

350 708 598 747 Velocitatem
615 707 689 746 fere
704 707 871 747 eamdem
888 709 1076 748 constituit
1088 739 1096 753 ‚
1121 722 1231 761 quam
1251 710 1287 750 K
1299 723 1318 750 Ε
1332 724 1344 749 1
1360 723 1381 750 L
1394 725 1406 749 1
1424 724 1448 750 u
1464 725 1479 751 s
1493 741 1503 756 ‚
1524 713 1661 764 pedum
1679 727 1757 763 149
1778 718 1816 755 in
1834 718 1906 756 11214

287 778 385 808 nuto
411 770 535 818 primo
552 796 562 811 ,
602 780 686 806 cum
707 768 876 818 systolem
904 770 1024 807 cordis
1043 773 1167 820 peragi
1185 779 1299 821 ponat
1326 774 1365 809 in
1397 774 1499 811 tertia
1523 782 1624 824 parte
1640 777 1753 814 totius
1768 778 1898 829 pulfiis.

351 829 393 867 ln
418 829 492 866 hoc
516 839 594 865 non
616 828 851 878 improbabili
878 829 1018 867 calculo
1036 832 1132 868 varia·
1154 840 1381 870 monuerunt
1398 835 1510 877 varii,
1544 835 1710 884 inprimis
1739 836 1904 887 Francis-

291 901 350 927 cus
382 888 428 926 de
452 888 507 926 SA
522 901 544 925 υ
559 900 616 925 vn
632 900 728 926 om.
771 887 817 927 Et
846 891 967 938 primo
1000 890 1151 939 quidem
1186 891 1382 939 Stephanus
1406 893 1558 943 perinde
1583 893 1702 933 solum
1736 896 1904 935 effedlum

291 949 415 987 cordis
446 949 593 985 metitur
615 945 630 998 (
651 960 668 985 s
684 958 697 996 j
715 976 725 990 ‚
762 950 825 997 qui
844 947 947 998 supra
974 962 1102 987 omnes
1136 950 1346 989 refistentias
1373 960 1572 991 exercetur.
1622 953 1769 996 Deinde
1795 963 1905 1006 negat

288 1010 371 1055 (t)
399 1009 453 1045 vir
478 1007 531 1045 Cl.
556 1006 650 1044 reste
677 1013 821 1057 tempus
842 1008 1045 1058 impensum
1068 1009 1214 1059 systoles
1237 1010 1362 1050 haberi
1383 1025 1452 1062 pro
1479 1014 1635 1053 dimidio
1659 1016 1736 1064 ejus
1759 1020 1907 1067 tempo-'

286 1069 362 1110 ris,
401 1079 477 1117 quo
506 1066 654 1105 diastole
680 1069 891 1116 peragitur,
932 1069 968 1105 &
991 1069 1247 1119 persuadetur,
1283 1079 1434 1122 utraque
1452 1074 1616 1124 tempora
1639 1076 1785 1126 aequalia
1812 1075 1902 1115 esse:

285 1139 337 1164 ex
362 1139 401 1164 ea
425 1139 513 1166 vero
542 1126 768 1165 corred'tione
793 1134 869 1165 tota
904 1127 963 1166 illa
995 1129 1155 1168 celeritas
1190 1131 1372 1181 sanguinis
1402 1133 1447 1171 ad
1475 1134 1664 1172 dimidiam
1693 1137 1877 1175 reducitur
1890 1135 1910 1181 ,²

286 1199 425 1236 nempe
443 1187 488 1224 ad
514 1187 624 1237 pedes
651 1197 729 1232 74,
770 1189 894 1225 uncias
919 1194 954 1225 6.
991 1189 1130 1228 Contra
1150 1190 1252 1229 Idem
1285 1191 1352 1230 Vir
1377 1192 1452 1231 Cel.
1478 1206 1524 1231 ex
1543 1194 1614 1233 alio
1638 1195 1728 1234 saltu
1750 1198 1788 1234 in
1816 1208 1906 1234 cane

287 1246 505 1289 observato,
540 1258 625 1284 cum
651 1246 723 1284 sola
755 1248 807 1284 vis
823 1247 938 1296 lapsus
969 1261 1015 1286 ex
1044 1260 1095 1296 14
1123 1250 1278 1300 pedibus
1298 1251 1359 1291 det
1379 1252 1635 1298 velocitatem,
1686 1268 1757 1305 qua
1781 1255 1906 1306 liquot

292 1312 348 1348 28
377 1306 487 1356 pedes
513 1307 605 1343 intra
623 1307 807 1344 minutum
827 1309 987 1356 primum
1009 1316 1115 1347 motu
1143 1310 1320 1348 uniformi
1346 1324 1555 1361 percurrere
1578 1315 1722 1363 potest,
1762 1327 1906 1364 ponen-

291 1366 347 1404 do
362 1366 572 1403 velocitates
586 1367 624 1402 in
641 1368 782 1403 ratione
792 1367 955 1405 radicum
977 1369 1210 1408 altitudinum
1225 1399 1235 1413 ‚
1255 1372 1395 1409 invenit
1418 1372 1601 1422 sanguinis
1622 1373 1853 1413 velocitatem
1869 1388 1906 1413 a·

287 1425 463 1475 Jiquanto
490 1426 666 1473 majorem
681 1453 691 1468 ‚
731 1427 768 1463 &
800 1436 851 1462 22
866 1426 887 1463 ‘.
910 1428 974 1472 4'‘.
995 1429 1087 1466 intra
1102 1431 1289 1468 minutum
1304 1430 1525 1476 secundum,
1549 1440 1657 1483 atque
1672 1435 1764 1474 adeo
1795 1448 1809 1473 1
1823 1426 1907 1480 362

292 1487 332 1522 in
354 1487 501 1523 minuto
527 1486 649 1534 primo
665 1513 675 1527 ,
711 1487 774 1535 qui
800 1486 957 1524 calculus
974 1500 992 1525 a
1010 1487 1044 1526 K
1059 1501 1078 1525 E
1095 1501 1107 1526 1
1124 1501 1145 1526 L
1160 1502 1171 1527 1
1188 1503 1209 1527 A
1224 1502 1250 1527 N
1265 1503 1289 1528 o
1311 1503 1390 1529 non
1415 1492 1518 1530 valde
1545 1493 1702 1532 dissentit
1723 1496 1778 1542 (u
1793 1495 1825 1544 ).
1864 1530 1868 1532 ,

352 1543 433 1594 Ego
455 1557 543 1582 vero
573 1544 686 1582 fateor
703 1574 711 1588 ,
749 1546 1016 1595 tempusculuni
1032 1548 1168 1598 systolae
1188 1551 1393 1600 impensum
1410 1554 1472 1590 vix
1497 1553 1590 1591 ret³oe
1618 1554 1758 1592 definiri
1778 1554 1902 1605 poffe:

291 1605 510 1642 crediderim
528 1611 649 1642 tamen
670 1604 808 1654 duplex
827 1606 917 1644 illud
933 1635 943 1650 ,
980 1609 1016 1645 δε
1039 1616 1121 1646 ante
1142 1611 1303 1660 quietem
1322 1612 1357 1648 δι
1377 1613 1460 1661 post
1479 1625 1578 1657 eam,
1608 1613 1669 1651 etsi
1686 1615 1796 1653 breve
1813 1624 1907 1653 tem-

290 1665 483 1714 pusculum
501 1693 511 1707 ,
546 1664 732 1714 ipsamque
745 1666 931 1710 diastolen,
951 1674 1116 1718 tempus,
1139 1682 1248 1720 quani
1259 1670 1400 1720 systole,
1425 1673 1540 1721 majus
1562 1675 1755 1724 requirere.
1789 1674 1905 1713 Dein-

287 1724 340 1760 de
369 1724 472 1762 saltus
499 1724 667 1768 nondum
701 1725 779 1762 satis
805 1734 924 1765 certus
953 1728 1012 1765 est.
1054 1728 1228 1777 Georgius
1249 1731 1399 1780 quidem
1422 1731 1675 1771 MART1NE
1702 1736 1793 1782 (x)
1824 1746 1902 1773 non

293 1782 399 1820 valde
436 1784 480 1820 ab
515 1782 584 1828 HA
602 1796 623 1819 L
638 1796 655 1819 Ε
671 1797 709 1820 Sl
726 1798 746 1820 Α
761 1798 784 1822 N
801 1798 812 1822 1
830 1799 844 1823 s
883 1787 1041 1825 diversos
1066 1788 1173 1827 saltus
1204 1791 1357 1829 obtinet.
1380 1814 1383 1815 ν
1406 1791 1443 1829 Si
1475 1805 1564 1831 vero
1583 1795 1744 1842 primum
1774 1792 1902 1832 saltum

285 1842 479 1883 sumseris,
513 1843 576 1890 qui
598 1843 724 1891 utique
742 1843 967 1892 sequentium
988 1848 1070 1894 (y)
1094 1848 1323 1886 altitudinem
1347 1850 1533 1897 insigniter
1554 1852 1712 1901 superat,
1746 1854 1902 1900 majores

290 1901 444 1938 habebis
475 1900 579 1938 saltus
595 1929 605 1943 ,
645 1913 755 1950 quam
775 1903 889 1954 yulgo
915 1904 1082 1942 creditur.
1132 1904 1187 1943 Ex
1205 1909 1330 1944 arteria
1355 1910 1453 1945 enim
1484 1910 1687 1948 mesenterii
1705 1940 1715 1955 ,
1760 1925 1832 1950 una
1856 1914 1902 1951 de

290 1960 440 2005 multis,
493 1972 603 2010 quam
625 1973 711 1999 cum
750 1970 849 2000 aorta
869 1975 948 2001 non
972 1964 1066 2004 reste
1105 1967 1395 2016 comparaveris,
1437 1975 1558 2009 tamen
1590 1970 1695 2010 saltus
1720 1971 1903 2023 sanguinis

1863 2036 1905 2085 ia

435 2106 452 2167 l'

440 2161 458 2208 S'
471 2190 488 2208 A
503 2188 526 2208 υ
538 2190 556 2209 v
569 2190 586 2210 Α
599 2190 617 2209 G
631 2191 648 2210 ι
659 2190 671 2209 s
692 2179 846 2213 in'trodulr.
877 2193 903 2222 p.
934 2176 1019 2216 XIX.

441 2230 476 2267 V„
491 2230 535 2251 22.
556 2221 687 2252 versionis
709 2223 912 2264 hemaslatiees.

334 2302 345 2328 ‹
369 2311 390 2328 x
407 2260 656 2337 >Iged'affin1ztilitt
667 2302 784 2341 stmilib.
804 2317 830 2345 p.
856 2317 903 2339 a«.
1129 2343 1132 2347 ,

334 2341 383 2378 (y
402 2344 414 2377 )
437 2341 470 2370 ln
497 2353 568 2372 cane
587 2355 662 2374 cono
681 2348 775 2376 cordis
796 2348 904 2380 teseclo
925 2350 1048 2387 primum
1071 2349 1195 2385 multum
1218 2350 1361 2394 sanguinis
1380 2357 1518 2396 profluxit
1533 2380 1541 2394 .
1577 2356 1646 2391 inde
1674 2360 1775 2399 quavis
1796 2360 1895 2402 systole

293 2388 409 2414 fantum
435 2383 570 2413 drachma
590 2397 646 2417 una
670 2387 716 2416 vel
739 2389 826 2418 altera
850 2390 875 2420 D
888 2402 904 2420 a
918 2402 931 2420 ε
944 2402 982 2421 ιι
997 2402 1045 2423 κε
1059 2404 1077 2424 ο
1089 2403 1108 2424 υ
1122 2405 1138 2424 ι
1153 2405 1174 2424 τ
1193 2397 1326 2430 canit—ia.
1343 2408 1369 2430 2.
1392 2400 1486 2430 Saltus
1503 2410 1540 2431 ex
1558 2401 1688 2439 anguillae
1708 2402 1819 2435 resestae
1837 2413 1894 2435 aor-

291 2424 447 2506 {zpptzmtgs
466 2425 520 2457 fuit
545 2426 668 2459 duorum
688 2428 845 2470 pollicum,
873 2432 1021 2472 sequentes
1045 2435 1139 2467 multo
1156 2436 1324 2472 humiliores
1349 2441 1456 2476 Second
1480 2443 1576 2475 Mem.
1592 2440 1650 2482 fier
1665 2445 1700 2476 les
1714 2452 1789 2482 part.
1815 2446 1893 2476 init,

309 2487 315 2494 .
347 2484 354 2496 a
399 2478 410 2494 ι
437 2487 443 2499 ,

329 2094 348 2294 ΑΑΑΑΑ

363 2269 383 2289 ἒ
370 2225 384 2247 ts
371 2187 383 2206 κ
366 2100 387 2165 *4⁵2

398 2095 417 2296 *lvx-‘vv
