2003 2748
404 144 726 187 SECTJV.
770 143 1324 187 MOTUSCORDIS.
1411 143 1417 145 ”
1576 157 1653 193 393

54 249 92 287 bi
104 247 294 297 propiores
316 243 441 287 reddi,
478 242 609 281 melior
628 242 722 281 testis
741 241 838 280 adest
860 241 891 281 L
905 254 918 280 1
932 253 982 280 ετ
996 253 1015 280 Ε
1030 254 1052 280 R
1067 253 1091 279 u
1103 254 1118 280 s
1135 239 1151 293 (
1166 241 1225 289 i).
1262 239 1305 280 In
1325 242 1458 280 conico
1479 253 1567 280 vero
1581 254 1662 281 cor-

53 308 125 349 de,
174 305 278 356 quale
303 304 446 342 homini
468 303 538 345 est,
573 309 634 340 aut
659 301 916 351 quadrupedi,
962 307 1023 339 aut
1057 303 1138 344 avi,
1175 300 1352 349 ejusmodi
1382 309 1504 340 motus
1536 301 1663 341 locum

54 366 133 404 non
161 365 295 407 habet,
330 365 413 413 quia
434 361 520 399 basis
542 361 691 410 quidem
720 362 828 398 nimis
858 359 962 398 crassa
982 373 1001 398 a
1027 360 1125 398 fibris
1152 361 1292 404 medii,
1334 361 1371 398 ὃς
1392 362 1428 398 in
1449 361 1572 398 medio
1601 374 1664 399 an-

55 425 225 474 gustioris
244 452 253 466 ,
291 430 397 472 atque
421 421 513 458 adeo
543 421 710 469 pauciori
734 432 840 457 carne
867 418 998 457 firmati
1017 419 1137 457 cordis
1160 419 1339 469 superari,
1384 420 1421 457 ὃς
1440 420 1563 469 repelli
1584 433 1664 459 non

55 484 195 534 potest3
243 494 335 531 apex
366 493 452 518 vero
487 478 686 517 transverfis
725 478 823 516 fibris
843 507 853 521 ,
892 478 1104 527 sanguinem
1129 478 1293 528 undique
1321 478 1367 515 de
1404 480 1526 517 medio
1551 480 1664 518 corde

58 542 336 592 repellentibus,
365 540 450 576 ideo
476 550 553 575 non
570 539 687 580 cedit,
728 538 829 586 quod
852 538 927 585 ejus
943 538 1040 576 fibrae
1055 538 1248 575 manifecto
1265 539 1302 575 in
1325 536 1421 575 bafin
1446 540 1663 577 continuen-

56 609 115 641 tur
131 631 140 644 ,
182 607 288 649 atque
314 599 405 637 adeo
417 597 607 637 contractae
641 597 819 637 mobilem
837 609 1054 638 mucronem
1075 626 1085 642 ,
1119 597 1165 636 ad
1195 596 1336 637 firmam
1358 597 1478 642 bafin,
1511 597 1664 638 necessak

58 663 114 699 rio
140 660 329 698 abducant.

643 771 676 813 ἓ.
711 767 758 806 V.
799 768 922 806 Cordis
945 767 1078 817 pulsus.

120 877 210 916 Non
235 889 322 915 vero
347 876 460 926 figura
482 875 553 914 sola
574 875 694 914 cordis
715 877 752 913 in
779 875 908 926 systole
926 882 1086 914 mutatur
1103 904 1113 918 ,
1147 875 1208 913 sed
1235 887 1307 915 una
1332 876 1425 916 fitus.
1473 876 1569 915 Nam
1586 879 1668 914 mu.'

62 949 126 976 cro
151 937 271 975 cordis
298 938 334 974 in
355 936 611 987 quadrupede,
648 935 738 974 dum
759 935 803 973 ad
823 935 922 973 bafin
947 936 1109 978 accedit,
1147 935 1377 975 dextrorsum
1400 937 1436 974 &
1464 935 1668 974 antrorsum

62 998 155 1035 circa
185 996 282 1035 basin
307 1009 435 1046 parum
460 996 637 1034 dimotam
655 1023 665 1038 ,
709 1002 892 1045 tamquam
913 1002 1098 1034 extremus
1122 995 1242 1033 radius
1263 996 1357 1035 circa
1386 995 1533 1034 firmum
1554 994 1668 1033 cardi-

66 1068 151 1094 nem
166 1084 175 1099 ,
197 1068 320 1094 arcum
343 1056 468 1094 circuli
485 1054 676 1097 describit,
715 1056 826 1103 inque
847 1057 1005 1092 termino
1025 1054 1075 1093 sui
1101 1061 1225 1093 motus
1246 1055 1382 1093 costam
1404 1057 1567 1106 quintam
1592 1054 1669 1091 sex-

64 1123 184 1152 tamve
205 1144 213 1158 ‚
256 1117 309 1153 uti
339 1117 433 1153 varia
460 1117 527 1152 erit
554 1114 715 1151 hominis
739 1122 819 1152 aetas
837 1142 847 1157 ‚
885 1114 955 1152 ictu
982 1114 1160 1164 percutit,
1198 1126 1309 1163 quem
1333 1114 1474 1164 pulsum
1499 1114 1664 1152 dicimus,

64 1173 162 1212 Hinc
184 1174 316 1211 eodem
346 1181 513 1223 tempore
538 1181 637 1210 aorta
659 1173 796 1222 pulsat,
841 1173 877 1210 &
907 1185 972 1211 cor
1004 1172 1110 1224 (h).
1158 1172 1291 1223 Neque
1322 1175 1421 1211 enim
1450 1175 1488 1211 in
1521 1172 1670 1210 diastole

66 1244 130 1271 cor
157 1233 278 1282 pestus
302 1233 383 1269 ferit
404 1232 502 1280 (l),
546 1243 665 1281 neque
691 1232 728 1268 id
757 1243 921 1281 unquam
945 1232 989 1270 ab
1015 1230 1217 1269 HARvm
1234 1244 1258 1269 o
1289 1233 1396 1281 (m)
1429 1232 1600 1282 scriptum
1621 1230 1672 1267 est

66 1294 83 1341 (
101 1297 125 1328 'n
144 1293 186 1338 ),
229 1299 289 1330 aut
319 1303 405 1330 cum
430 1293 504 1329 vivi
553 1290 713 1328 animalis
740 1290 940 1339 spectaculo
977 1291 1162 1329 conciliari
1192 1291 1334 1340 potest:
1394 1290 1454 1329 sed
1490 1293 1595 1329 etiam
1631 1291 1671 1327 in

65 1351 218 1389 homine
249 1351 364 1394 vidit,
399 1350 596 1400 prudenter
616 1349 819 1388 infortunio
836 1350 916 1388 usus
928 1379 937 1394 ‚
973 1349 1010 1388 Η
1026 1362 1047 1387 A
1062 1363 1084 1388 R
1098 1362 1121 1388 v
1135 1361 1155 1387 Ε
1170 1361 1182 1387 1
1199 1362 1220 1387 u
1235 1362 1250 1388 s
1266 1378 1276 1393 ,
1314 1352 1352 1387 in
1378 1349 1506 1400 systole
1534 1351 1669 1389 arteriae

69 1422 133 1448 cor
157 1422 342 1459 emergere
368 1411 403 1448 ἃ,
426 1410 562 1447 dilatari
580 1437 591 1452 ‚
626 1416 714 1446 tunc
736 1420 821 1447 vero
838 1410 960 1459 pestus
976 1409 1081 1447 ferire
1099 1410 1135 1447 &
1151 1409 1405 1459 prominulum
1427 1409 1515 1453 effe,
1557 1420 1671 1460 quan-

71 1470 120 1507 do
142 1469 277 1508 sursum
301 1471 472 1518 erigitur,
507 1469 543 1506 &
570 1469 607 1505 in
628 1467 661 1505 se
683 1468 907 1507 contrahitur
928 1469 948 1516 (
968 1481 986 1506 ο
1003 1470 1030 1516 ).

132 1528 241 1567 Causa
269 1528 377 1576 hujus
403 1528 590 1565 erefflonis
616 1539 694 1564 non
716 1540 787 1565 una
812 1528 871 1565 est.
908 1527 952 1566 Et
977 1530 1137 1578 primum
1152 1554 1164 1573 ,
1189 1540 1274 1566 cum
1295 1539 1424 1567 mucro
1439 1529 1585 1566 tenuior
1600 1527 1642 1564 fit
1655 1527 1672 1570 ,'

70 1587 158 1626 basis
182 1595 302 1626 autem
328 1586 470 1626 craffior
486 1616 495 1630 ‚
533 1598 692 1635 cumque
721 1586 812 1624 adeo
839 1599 967 1625 mucro
993 1587 1037 1624 ad
1072 1586 1166 1624 bafin
1194 1587 1363 1625 accedere
1384 1594 1536 1636 cogatur
1556 1615 1565 1629 ,
1611 1598 1673 1623 an-

70 1646 228 1685 trorsum
269 1646 302 1683 se
331 1646 448 1685 versus
486 1645 582 1684 bafin
611 1646 696 1683 ideo
733 1646 910 1689 inclinat,
963 1649 1046 1695 quia
1069 1646 1164 1684 finus
1193 1645 1350 1690 sinister,
1389 1658 1488 1696 pone
1515 1658 1579 1684 cor
1604 1657 1673 1695 po-

71 1705 155 1744 fitus
176 1735 186 1750 ,
225 1718 269 1743 eo
297 1706 372 1756 ipso
402 1714 572 1755 tempore
597 1705 801 1743 intumescit
822 1706 858 1742 &
878 1705 1036 1755 repletur
1051 1733 1060 1748 ,
1109 1707 1144 1743 ἃ
1167 1705 1237 1755 ipse
1258 1710 1473 1755 praetereaei
1497 1706 1673 1744 vertebris

72 1768 272 1807 retinetur,
313 1778 432 1815 neque
453 1764 580 1803 cedere
601 1764 726 1814 potest.
763 1765 977 1803 Antrorsum
1003 1765 1095 1802 adeo
1114 1793 1123 1807 ‚
1163 1777 1247 1802 cum
1269 1764 1464 1803 retrorsum
1490 1777 1566 1802 non
1591 1763 1674 1813 pos-

73 1824 142 1868 fit,
180 1836 310 1862 mucro
331 1824 452 1862 cordis
481 1823 599 1861 versus
628 1822 723 1860 bafin
751 1831 968 1862 recurvatur.
1005 1823 1058 1861 lta
1084 1825 1181 1860 enirn
1213 1835 1296 1861 vere
1318 1824 1351 1861 se
1375 1824 1528 1865 habere,
1564 1831 1673 1872 atque

75 1885 119 1921 ab
144 1883 337 1922 illustribus
358 1885 396 1920 in
427 1882 542 1921 Gallia
568 1883 780 1920 anatomicis
811 1883 832 1933 [
844 1881 909 1933 p]
938 1883 1031 1920 reste
1059 1885 1218 1932 proponi
1242 1911 1251 1924 ,
1297 1885 1551 1931 experimento
1583 1881 1675 1918 mihi

78 1943 246 1980 constitit.
286 1942 329 1979 In
357 1942 527 1979 cadavere
551 1953 683 1989 nempe
710 1940 825 1979 finum
847 1941 1026 1979 finistrum
1045 1953 1125 1979 aere
1151 1941 1311 1990 replevi,
1351 1942 1386 1978 ὃς
1415 1941 1513 1984 vicii,
1553 1941 1674 1979 omni-

78 2014 129 2039 no
161 2013 378 2039 mucronem
400 2000 443 2037 ad
465 1999 633 2048 papillam
658 1999 755 2036 salire
773 2027 784 2042 ,
824 1999 1044 2049 solitumque
1063 1999 1207 2049 pulsum
1231 2001 1371 2037 imitari.

139 2059 235 2098 Cum
262 2069 430 2110 praeterea
454 2066 594 2097 certum
610 2057 676 2101 fit,
710 2059 748 2095 in
770 2058 889 2096 cordis
905 2059 1008 2108 pulsu
1024 2061 1132 2097 etiam
1158 2071 1306 2108 magnas
1321 2087 1331 2103 ,
1368 2058 1545 2110 cordique
1572 2069 1676 2096 com-

1559 2115 1674 2155 missas

121 2174 135 2212 (
187 2176 202 2210 δ
224 2176 269 2204 De
289 2173 397 2203 cochlea
409 2182 436 2212 p.
464 2172 512 2203 26.

121 2216 136 2252 (
188 2216 202 2252 )
226 2216 327 2244 R101.
342 2224 395 2244 AN
425 2214 659 2253 anthropograph.
684 2223 711 2253 p.
735 2223 803 2252 ²34·
833 2223 898 2250 240.
924 2218 990 2250 476.
1017 2215 1071 2246 &a

122 2257 137 2293 (
194 2264 198 2273 ¹
228 2256 276 2286 Uti
300 2256 398 2285 docuit
422 2256 452 2285 Α.
480 2256 498 2285 S
511 2265 530 2284 u
543 2266 556 2284 Β
571 2266 586 2284 a
599 2267 613 2285 n
627 2267 641 2287 κ
660 2265 710 2286 Aa
725 2266 741 2286 Ε
764 2254 854 2294 princ.
881 2254 916 2293 os
936 2255 1058 2294 pruflice
1074 2265 1102 2295 p.
1132 2264 1197 2295 194,

125 2297 200 2333 (m)
226 2299 268 2326 De
286 2306 378 2333 gener.
406 2296 494 2325 anim.
516 2305 543 2334 p.
578 2305 645 2335 ις7,

123 2338 138 2414 ἓ
192 2337 625 2375 δειιεηιςιιΔε-ΕΡΛΜ.

191 2419 204 2455 )
225 2387 303 2466 „ficii
339 2418 419 2449 Sea
434 2429 451 2449 A
466 2428 483 2449 c
516 2415 608 2459 Effizys
631 2421 664 2451 de
677 2419 807 2461 phffique
829 2429 856 2459 p.
882 2427 948 2459 '91-
973 2425 1010 2457 tr,
1038 2421 1079 2455 du
1098 2429 1173 2455 coeur
1195 2429 1222 2463 p.
1246 2424 1313 2463 336«
1332 2421 1408 2463 Ant.
1425 2421 1621 2456 Fanum
1649 2420 1680 2451 in

87 2468 135 2492 12.
162 2459 356 2498 quaestwmhus
381 2460 533 2499 Monspelii
554 2470 620 2492 ann.
657 2467 743 2501 ¹738·
768 2461 928 2502 propositis.

145 2502 273 2543 Haller
290 2503 479 2555 Phyfiolog.
514 2504 624 2544 Tom.
660 2505 685 2545 l.
1270 2506 1307 2547 D
1329 2507 1351 2546 d,
1373 2506 1397 2545 A
