2003 2748
396 129 689 172 SEC'T.1.
755 129 1316 171 VELAMENTA‚
1577 145 1660 183 297

576 246 609 288 §-
653 238 890 280 XXVIII.
957 241 1148 292 Resorhtzv,

123 353 226 391 Idem
254 352 299 391 de
329 353 401 391 hoc
425 364 558 403 vapore
575 379 585 394 ,
619 351 722 402 quod
751 350 795 388 de
820 352 992 390 omnibus
1022 353 1100 391 aliis
1129 353 1237 395 fumis
1260 354 1474 394 animalibus
1495 365 1661 404 pronune.

65 413 278 451 ciarelicet.
314 413 378 451 Uti
402 425 534 462 nempe
557 424 620 460 per
643 412 786 449 arterias
814 420 1007 459 generatur
1023 441 1032 455 ,
1070 414 1117 450 ita
1144 425 1208 463 per
1238 425 1344 451 venas
1368 415 1497 452 resumi
1521 413 1659 453 necesse

64 473 114 509 est
133 501 142 515 ‚
185 472 249 510 nisi
271 473 357 510 velis
379 474 416 509 in
440 471 644 509 inmensum
669 472 820 519 congeri
840 499 848 513 ‚
887 472 922 509 ὃς
940 472 1118 520 ejusmodi
1144 473 1349 523 hydropem
1375 474 1564 523 pericardii
1585 473 1660 511 effi-

63 543 145 569 cere
161 560 171 574 ,
206 532 349 581 qualem
368 530 623 580 descripsimus.
661 530 732 569 Sed
761 531 868 567 etiam
894 533 1185 584 experimentum
1210 533 1271 569 has
1295 545 1401 571 venas
1428 533 1658 572 absorbentes

63 589 263 628 confirmat.
299 590 397 627 Nam
427 603 517 640 aqua
544 597 685 627 crocata
710 591 748 626 in
773 602 881 627 venas
911 593 1117 632 coronarias
1137 593 1154 639 <
1164 593 1221 639 y)
1241 593 1361 630 cordis
1383 592 1540 643 inpulsa,
1578 606 1658 631 om-

60 651 151 686 nino
166 650 318 697 guttulis
332 651 493 687 minimis
513 650 557 687 de
574 649 739 688 universo
757 650 876 688 cordis
899 652 1041 689 extimo
1064 653 1202 690 ambitu
1215 651 1315 689 sudat
1334 652 1354 701 (
1368 665 1393 689 z
1408 653 1433 699 ).
1469 651 1657 691 Extimum

60 708 100 748 id
120 709 366 747 velamentum
385 709 519 750 siccum
539 710 631 747 bibit
647 722 666 747 a
686 718 805 747 morte
828 722 955 759 aquam
973 739 982 754 ‚
1021 713 1058 749 in
1079 724 1186 762 quam
1206 724 1269 749 cor
1291 711 1463 750 dimiseris
1487 713 1507 761 (
1527 725 1549 750 a
1567 714 1594 759 ).

119 767 176 805 An
200 769 244 806 de
271 768 495 819 lymphatico
518 782 651 818 genere
682 782 730 807 eae
759 769 897 808 venulae
922 770 1081 814 fuerint,
1121 784 1200 822 quae
1221 772 1391 821 aquulam
1418 784 1482 810 cor
1505 772 1657 810 adluenss

59 832 135 864 tem
165 827 351 866 resumunt
383 828 505 876 <h)?
547 829 638 866 Sunt
666 836 786 872 certe,
822 841 909 878 quas
937 830 1095 869 diximus
1112 859 1121 873 ,
1163 832 1299 879 injecflae
1328 832 1530 881 pericardio
1555 832 1658 880 glan-

59 885 153 925 dulae
174 915 186 930 ‚
219 888 264 925 de
288 888 519 937 conglobato
542 900 700 937 genere,
737 887 816 925 sunt
840 890 1022 936 interjeeia
1051 890 1271 940 lymphatica
1293 891 1369 928 vasa
1396 903 1414 928 a
1445 888 1546 928 claris
1571 893 1656 929 viris

59 945 150 983 dieta
171 946 266 995 (c).
304 947 375 985 Sed
398 950 507 985 etiam
529 960 601 996 ego
627 949 663 985 &
687 949 726 990 in
755 948 867 985 corde
890 977 900 991 ,
946 949 982 985 ὃς
1011 951 1049 986 in
1076 949 1257 998 glandulis
1285 950 1412 988 aversae
1441 952 1533 1000 parti
1561 953 1656 999 peri-

58 1005 170 1042 cardii
192 1006 435 1056 bronchisque
457 1007 715 1055 circumjedis,
745 1006 821 1044 vasa
850 1008 980 1057 aquosa
1007 1009 1042 1045 &
1068 1009 1248 1048 valvulosa
1278 1011 1403 1059 reperi.
1438 1010 1579 1048 Verum
1610 1011 1656 1047 de

56 1063 236 1102 halituum
261 1078 326 1118 per
357 1066 573 1116 lymphatica
602 1066 678 1104 vasa
703 1065 930 1105 resorbtione
956 1067 1041 1106 alibi
1070 1070 1228 1107 rationes
1255 1071 1426 1120 utrinque
1453 1069 1653 1121 propositas

57 1123 244 1171 recensui,
292 1138 484 1178 meamque
514 1126 726 1171 sententiam
749 1125 835 1169 dixi.

529 1293 552 1331 S
613 1292 642 1332 E
704 1294 735 1333 C
797 1294 831 1334 T
891 1295 909 1333 I
970 1296 1007 1336 O
1099 1298 1117 1338 Ι
1147 1298 1173 1336 Ι.

399 1401 1301 1451 CORDISAURICULAE,

368 1513 401 1558 ᾗ,
436 1509 463 1552 I.
532 1511 654 1555 Corin
682 1511 805 1560 quihus
823 1513 1035 1553 aninmlihus
1053 1521 1186 1553 natura
1202 1512 1343 1569 fecerit.

179 1616 234 1654 Or·
256 1627 429 1657 vocamus
449 1632 575 1658 cavum
595 1622 798 1661 musculum
817 1652 826 1667 ‚
863 1626 926 1673 qui
942 1623 1152 1674 sanguinem
1181 1626 1219 1662 in
1237 1626 1411 1664 maximas
1423 1624 1583 1664 animalis
1595 1627 1653 1665 πε

174 1678 276 1716 terias
295 1679 449 1728 expellit.
487 1681 610 1728 Quare
629 1684 751 1720 omnia
773 1686 928 1722 omnino
949 1685 1113 1722 animalia
1134 1685 1367 1734 quadrupeda
1385 1713 1394 1728 ‚
1431 1698 1511 1723 aves
1529 1715 1538 1728 ‚
1581 1685 1651 1735 pis-2

50 1745 109 1771 ces
124 1763 133 1777 ‚
170 1737 295 1778 inseffli
320 1739 431 1780 corde
453 1740 573 1780 dotata
591 1741 671 1782 sunt
688 1771 697 1786 ,
734 1755 960 1794 quaecunque
979 1753 1040 1782 aut
1057 1746 1198 1782 arterias
1218 1746 1253 1782 Sc
1280 1757 1387 1782 venas
1401 1774 1410 1788 ,
1448 1753 1508 1783 aut
1529 1747 1652 1783 omni-2.

51 1805 101 1833 no
128 1795 281 1834 alterum
311 1810 439 1836 eorum
463 1800 628 1839 vasorum
658 1815 775 1851 genus
796 1803 941 1841 habent.
976 1804 1173 1854 Aliquanto
1203 1816 1292 1853 ergo
1315 1805 1419 1845 latius
1446 1805 1553 1853 hujus
1576 1807 1650 1854 pri-

48 1856 151 1891 marii
174 1858 302 1904 organi
330 1860 524 1908 imperium
559 1868 680 1910 patet,
731 1874 839 1912 quam
873 1863 1022 1912 quidem
1048 1864 1113 1902 AR
1129 1876 1141 1900 1
1157 1876 1244 1901 s‘ro
1259 1876 1314 1901 TE
1330 1876 1349 1900 L
1373 1876 1384 1900 1
1419 1871 1550 1901 notum
1579 1863 1650 1908 fuit3

49 1913 135 1959 (d)
159 1927 166 1950 :
202 1927 321 1964 neque
348 1920 444 1955 enim
464 1921 501 1956 in
520 1921 561 1957 iis
573 1921 786 1964 animalibus
804 1922 884 1959 solis
904 1935 968 1960 cor
992 1925 1189 1972 reperitur,
1227 1923 1357 1972 quibus
1380 1922 1521 1971 sanguis
1543 1923 1650 1966 inestgj

49 1969 144 2008 Nam
164 1976 318 2011 omnino
336 1976 371 2011 &
389 1980 502 2014 erucis
519 2006 528 2020 ‚
565 1987 604 2016 ut
619 1982 798 2017 continuo
815 1981 954 2020 dicetur
967 2011 976 2026 ,
1017 1983 1117 2020 suum
1137 1994 1201 2019 cor
1217 1982 1265 2019 est
1282 2011 1291 2023 ,
1326 1983 1435 2031 paulo
1451 1982 1592 2019 alterius
1604 1981 1647 2020 fia

48 2041 158 2079 gurae,
182 2033 217 2069 ὃς
240 2033 351 2083 longe
367 2036 570 2074 minoribus
590 2040 696 2075 etiam
713 2040 924 2083 animalibus
942 2042 987 2084 de
1005 2043 1184 2080 vermium
1199 2052 1352 2095 genere,
1376 2041 1573 2085 lumbricis,
1591 2039 1648 2083 os..

1531 2100 1617 2146 treis:

88 2143 167 2183 (y)
191 2146 274 2178 Conf.
298 2148 344 2179 In
360 2158 378 2179 E
394 2160 418 2184 M.
453 2160 480 2181 n.
512 2160 580 2190 703.
610 2158 675 2190 743Ια>

89 2186 137 2221 (2
153 2188 166 2224 )
188 2198 217 2220 n.
242 2194 308 2227 706.
566 2190 568 2193 ’

90 2225 104 2262 (
121 2238 139 2256 ιι
157 2228 169 2264 )
192 2239 218 2258 n.
249 2239 315 2267 707.

91 2267 170 2303 (b)
193 2269 479 2304 Uthncrsro
502 2274 597 2312 placet
615 2276 635 2307 1.
660 2286 683 2307 c.
710 2287 735 2314 ρ.
764 2287 810 2316 37.

90 2308 103 2343 (
120 2318 134 2337 C
156 2311 167 2345 )
195 2310 243 2340 Co
257 2322 282 2341 w
295 2323 310 2341 P
323 2323 340 2342 E
353 2323 374 2343 R
400 2314 435 2343 ad
459 2315 479 2344 B
492 2327 501 2344 ι
515 2327 534 2346 1>
548 2328 564 2345 1.
576 2326 593 2346 o
605 2328 614 2346 1
642 2317 676 2349 T.
707 2317 790 2350 XXI.
812 2318 899 2350 Addit
919 2320 956 2354 ad
977 2321 1096 2358 ductum
1117 2321 1294 2357 thoracicum
1317 2321 1365 2359 ire.
1401 2321 1424 2358 J.
1441 2320 1473 2359 ,F
1488 2325 1568 2358 AfHT
1587 2331 1606 2356 ὓ,
1619 2327 1641 2358 13

48 2347 80 2383 in
103 2348 219 2389 opufiul.
246 2360 326 2383 anat.
357 2365 384 2394 p.
415 2362 479 2393 178.

88 2389 169 2428 (d)
194 2395 235 2422 De
254 2397 359 2431 partvh.
385 2398 472 2427 anim.
497 2398 526 2429 L.
557 2397 608 2430 m.
635 2410 659 2435 e.
687 2411 714 2438 4.
739 2401 769 2435 L.
799 2400 846 2439 IV·
865 2411 891 2439 0.-
921 2411 950 2441 ἵε

134 2435 262 2480 Haller
289 2439 478 2493 Phyfiolog.
518 2442 626 2485 Tom.
660 2443 691 2489 Ιἰ
1201 2446 1229 2493 P
1258 2460 1286 2506 Β.
