2003 2748
299 129 482 174 SECT.
521 127 621 172 III.
658 126 743 172 EX
771 128 1083 171 ARTERILS
1112 131 1185 172 I=N
1214 131 1441 183 VENAS.j
1580 143 1669 186 245:

371 247 405 289 ἓ.
439 241 636 283 XXIX.
704 240 1053 288 Nonestinventum
1072 243 1179 281 Pauli
1199 244 1366 283 SARPI.

138 365 181 404 In
202 364 381 402 celebrem
403 375 448 401 ex
469 362 536 400 suis
555 372 624 411 pro
653 360 787 399 tuenda
809 362 931 410 patriae
955 361 1118 399 libertate
1136 361 1239 400 editis
1266 362 1403 413 scriptis
1417 391 1427 406 ,
1462 364 1499 402 δε
1523 363 1662 414 suscep-³

80 427 125 464 tis
137 424 303 475 periculis
314 421 537 460 monachum
552 419 704 457 Paulum
720 420 742 458 S
753 432 776 457 A
790 433 813 457 R
826 433 844 457 Ρ
859 433 870 457 1
884 449 893 464 ,
922 422 1008 457 varii
1020 421 1208 470 scriptores
1225 422 1369 460 laudem
1381 424 1521 460 inventi
1532 425 1660 461 circui-

79 492 137 523 tus
149 483 400 524 contnlerunt,
420 492 504 518 cum
516 481 678 518 certatim
688 480 760 517 fere
771 479 962 516 hominem
976 490 1197 529 quaererent,
1219 483 1257 518 in
1270 494 1380 530 quem
1392 482 1513 520 laudes
1532 482 1568 520 H
1582 495 1604 519 A
1620 496 1660 520 R-

81 557 105 582 v
117 556 138 581 E
153 553 164 580 1
179 554 202 580 o
233 549 367 591 ereptas
393 539 630 577 transferrent.
679 539 864 585 johannes
890 539 1061 588 equidem
1086 538 1123 577 V
1136 552 1155 576 E
1170 553 1184 578 s
1198 553 1219 577 L
1232 553 1244 576 1
1257 553 1281 577 N
1295 553 1320 577 G
1334 553 1346 577 1
1363 553 1381 577 υ
1396 554 1410 578 s
1443 544 1459 590 (
1470 549 1496 589 p
1511 543 1528 588 >
1559 542 1660 580 codi-

81 615 161 641 cem
197 613 307 639 manu
343 601 418 648 ejus
451 599 518 636 viri
554 598 726 648 scriptum
762 599 845 636 citat
874 627 884 641 ‚
938 610 1049 648 quem
1068 599 1164 648 apud
1201 599 1237 637 P.
1284 599 1345 637 Fu
1359 613 1380 636 L
1394 613 1418 637 G
1432 612 1451 637 E
1464 612 1489 637 N
1502 612 1526 637 T
1542 613 1554 637 1
1569 614 1655 644 um,

80 659 290 709 discipulum
307 687 317 701 ,
349 660 502 709 vitaeque
517 658 539 695 S
554 670 577 695 A
589 671 612 695 R
624 670 643 694 P
655 671 667 695 1
680 669 703 694 A
713 669 739 694 N
752 670 782 694 Ε
797 657 1007 707 scriptorem
1027 658 1164 696 viderit.
1200 658 1347 696 Deinde
1356 659 1541 705 johannes
1551 659 1609 697 W
1620 673 1661 697 A-

80 732 143 758 ΗΕ
156 732 176 756 υ
190 733 204 756 s
219 747 228 762 ,
261 719 423 757 strenuus
443 724 613 756 caeterum
637 718 726 755 novi
746 718 886 755 inventi
905 718 1033 761 stator,
1053 730 1131 755 non
1147 718 1297 767 quidem
1313 722 1350 755 in
1368 720 1483 767 prima
1501 719 1661 768 epistolae

78 779 147 818 suae
173 779 332 816 editione
348 806 358 820 ‚
407 777 466 815 sed
494 779 531 814 in
555 777 808 826 nuperioribus
841 775 939 826 [q]
968 777 1189 815 editionibus
1209 805 1219 820 ,
1267 778 1311 815 ab
1345 776 1421 815 aliis
1446 785 1488 816 ut
1516 778 1660 816 videtur

81 838 227 877 edoctus
245 867 255 881 ‚
295 844 377 874 unte
406 836 442 875 H
454 849 476 873 A
489 849 512 873 R
524 849 547 873 v
560 849 580 874 E
596 849 645 873 111
658 848 689 873 M
726 837 918 872 circuitum
946 835 1127 884 sanguinis
1163 836 1185 874 S
1199 849 1222 873 A
1240 849 1261 873 R
1277 849 1295 873 Ρ
1310 849 1322 872 1
1342 849 1364 873 0
1398 844 1530 875 notum
1559 836 1660 875 fuiffe

80 898 236 946 scripfit3
271 903 350 935 tum
380 896 564 943 johannes
595 893 764 933 Nicolaus
799 894 985 932 PECHL1
1001 907 1047 938 N,
1084 902 1144 933 aut
1173 895 1245 944 ipse
1269 895 1363 933 forte
1388 896 1511 933 larvati
1539 898 1660 946 operis

84 957 135 1003 [r
150 959 164 1005 ]
192 957 311 994 verior
343 955 464 993 auctor
500 953 643 991 Carolus
675 953 712 991 D
725 966 749 990 R
761 965 781 990 E
797 966 817 990 L
832 966 844 989 1
859 965 884 990 N
897 965 917 990 c
928 964 951 991 o
963 967 986 992 u
1002 967 1026 991 R
1037 966 1061 992 T
1078 967 1090 991 1
1106 967 1131 991 U
1144 968 1158 992 s
1174 982 1184 997 ‚
1222 957 1285 1004 qui
1307 955 1531 993 historiolam
1560 955 1660 993 addi-

83 1016 158 1059 dit,
199 1014 391 1065 quomodo
412 1013 546 1051 Veneti
571 1012 742 1051 monachi
764 1014 953 1050 inventum
980 1013 1025 1051 ad
1049 1012 1119 1051 HA
1132 1026 1188 1051 Rv
1202 1026 1221 1051 E
1237 1027 1249 1051 1
1264 1027 1288 1051 u
1302 1026 1331 1051 m
1353 1015 1565 1064 pervenerit.

130 1075 261 1113 ‘Exstat
280 1081 401 1112 autern
423 1072 565 1120 Georgii
582 1071 646 1109 EN
660 1084 684 1108 T
706 1072 781 1119 [s]
806 1071 994 1123 apologia,
1019 1074 1082 1122 qui
1096 1074 1148 1110 rei
1161 1074 1267 1121 gestae
1287 1073 1471 1111 historiam
1491 1075 1665 1117 invertit?

85 1136 123 1172 &
143 1134 165 1171 S
178 1146 199 1170 A
214 1147 237 1170 R
249 1146 268 1170 P
283 1146 296 1169 1
309 1145 329 1170 u
343 1145 373 1169 M
397 1144 461 1181 per
480 1132 640 1180 legatum
656 1129 842 1168 venetum
863 1130 899 1168 H
911 1143 933 1167 A
946 1144 968 1168 R
980 1144 1003 1169 v
1016 1144 1035 1168 E
1052 1144 1063 1168 1
1080 1145 1092 1168 1
1117 1132 1251 1170 librum
1273 1133 1316 1169 ab
1344 1135 1420 1181 ejus
1438 1133 1581 1171 auctore
1598 1133 1660 1170 ha-

82 1191 194 1231 buiffe
210 1191 379 1230 adfirmat.
414 1190 458 1229 Et
477 1198 686 1239 temporum
706 1189 877 1239 equidem
892 1191 983 1227 ratio
1003 1190 1097 1228 hanc
1115 1192 1324 1240 apologiam
1349 1192 1436 1235 fert,
1463 1192 1489 1228 fi
1510 1192 1661 1241 quidem

85 1253 241 1290 omnino
266 1263 362 1289 anno
392 1262 406 1285 1
419 1256 466 1287 61
476 1262 516 1293 9.
542 1251 580 1286 in
595 1248 797 1297 chirurgica
817 1248 1043 1298 praelectione
1070 1249 1107 1287 H
1119 1262 1141 1286 A
1155 1263 1178 1287 R
1190 1263 1213 1286 v
1226 1262 1246 1287 E
1260 1263 1272 1286 1
1290 1262 1311 1286 υ
1325 1263 1340 1287 s
1368 1263 1496 1288 verum
1519 1251 1661 1299 sangui-

83 1313 139 1349 nis
165 1313 232 1349 iter
251 1308 439 1360 proposuit
463 1309 584 1356 [s*];
611 1308 816 1357 eodemque
828 1320 924 1345 anno
935 1308 1074 1357 legatus
1100 1308 1263 1347 Venetus
1284 1311 1435 1359 patriam
1453 1312 1595 1359 repetiit
1623 1310 1662 1346 &

87 1377 243 1421 quatuor
267 1371 417 1408 demum
434 1369 535 1406 annis
555 1366 676 1416 elapfis
693 1367 813 1404 Frater
836 1366 862 1404 P
875 1379 896 1404 A
910 1379 933 1404 U
949 1380 969 1404 L
981 1381 1002 1405 u
1019 1381 1034 1405 s
1067 1381 1164 1407 anno
1187 1380 1201 1404 1
1214 1374 1238 1405 6
1243 1379 1264 1406 2
1275 1379 1306 1413 3.
1331 1371 1431 1407 obiit.

142 1429 283 1468 Verum
320 1429 461 1467 dudum
490 1428 623 1464 meruit
657 1425 728 1463 HA
745 1439 803 1463 Rv
817 1437 837 1462 E
852 1438 864 1462 1
878 1439 900 1464 u
914 1439 928 1463 s
948 1454 958 1469 ,
997 1434 1037 1465 ut
1064 1427 1136 1477 ipse
1159 1427 1320 1466 summus
1346 1430 1421 1476 ejus
1446 1429 1662 1467 adversarius

86 1486 119 1527 R
132 1500 146 1525 1
160 1501 183 1526 o
196 1501 216 1525 L
229 1501 251 1525 A
262 1500 289 1525 N
304 1501 322 1525 υ
337 1501 351 1525 s
380 1485 467 1536 [t]
498 1487 573 1523 veri
600 1485 738 1522 causam
762 1492 907 1532 ageret,
941 1492 1049 1535 atque
1082 1487 1286 1524 ostenderet
1303 1515 1313 1529 ,
1354 1496 1450 1525 certe
1481 1488 1538 1526 SA
1549 1501 1572 1525 R
1583 1502 1601 1526 Ρ
1619 1500 1631 1524 1
1647 1499 1662 1524 1

86 1559 165 1591 non
189 1547 256 1584 effe
271 1576 280 1590 ,
324 1545 427 1596 quod
448 1543 485 1582 H
498 1557 519 1581 A
534 1557 556 1582 R
570 1557 593 1581 v
605 1556 624 1581 E
636 1557 648 1580 1
662 1556 684 1580 u
698 1557 713 1581 s
736 1542 907 1581 invenisse
930 1544 1154 1592 gloriaretur.
1190 1545 1336 1583 Deinde
1351 1546 1441 1583 nihil
1463 1547 1665 1597 quidquam

85 1607 276 1657 proferunt
298 1604 397 1655 [u]
419 1603 590 1642 monachi
610 1603 726 1646 illius,
763 1602 837 1640 aliis
853 1604 989 1640 meritis
1015 1604 1156 1642 illustris
1172 1633 1183 1648 ,
1220 1604 1422 1644 laudatores
1444 1634 1454 1649 ,
1490 1618 1553 1645 cur
1580 1606 1665 1644 alie-

86 1679 132 1704 na
154 1666 244 1704 adeo
268 1678 286 1702 a
306 1664 374 1702 suis
404 1662 613 1712 gravissimis
634 1661 761 1699 officiis
783 1661 895 1700 studia
928 1663 1129 1702 excoluerit
1144 1693 1154 1707 ,
1189 1676 1309 1714 neque
1335 1667 1580 1715 experimenta
1605 1676 1666 1702 ex-

86 1727 197 1763 citant
213 1753 223 1768 ,
253 1737 317 1774 per
344 1735 423 1773 quae
448 1725 502 1759 vir
525 1722 694 1772 politicus
717 1721 762 1759 ad
785 1721 1012 1760 reconditam
1028 1723 1124 1761 illam
1140 1752 1149 1766 ,
1184 1736 1320 1773 perque
1338 1724 1449 1762 solam
1472 1731 1666 1763 anatomen

86 1784 280 1823 eruendam
298 1812 307 1826 ‚
341 1783 522 1831 sanguinis
555 1783 651 1819 viam
678 1781 919 1829 detegendam
938 1781 1161 1831 pervenisset.
1198 1782 1370 1832 Denique
1389 1785 1471 1821 vitae
1498 1785 1520 1822 S
1535 1796 1557 1820 A
1570 1797 1622 1821 Rp
1637 1796 1669 1820 1-

85 1840 109 1881 ’Λ
121 1856 147 1881 Ν
161 1856 190 1881 AE
220 1843 364 1885 auctor,
398 1842 568 1891 idemque
590 1841 680 1877 boni
710 1840 799 1877 senis
825 1840 1017 1889 discipulus
1041 1841 1081 1881 P.
1106 1841 1134 1879 F
1147 1854 1170 1879 u
1186 1853 1207 1878 L
1222 1854 1247 1879 G
1261 1855 1280 1880 E
1293 1854 1317 1879 N
1335 1855 1359 1880 T
1375 1855 1387 1879 1
1407 1855 1426 1879 υ
1441 1856 1455 1879 s
1472 1872 1482 1886 ,
1522 1843 1565 1880 de
1597 1842 1671 1880 val-

88 1903 177 1940 vulis
203 1902 352 1952 quidem
378 1900 533 1950 scripfit,
566 1912 652 1950 quas
675 1899 825 1936 SARPI
843 1911 893 1936 us
921 1900 1122 1943 invenerit,
1162 1900 1206 1937 de
1235 1902 1469 1939 circulatione
1489 1901 1584 1945 filet,
1617 1904 1671 1950 ip-

87 1961 197 2011 fisque
221 1960 368 1998 valvulis
385 1987 394 2002 ‚
432 1959 553 1996 alienae
582 1965 753 1995 caeterurn
784 1958 964 1996 industriae
991 1960 1163 1998 fructibus
1179 1988 1189 2003 ,
1227 1962 1382 1998 omnino
1399 1972 1478 1998 non
1499 1973 1619 2000 veram
1631 1973 1673 2007 uf

90 2020 258 2059 tilitatem
279 2031 298 2056 a
318 2018 340 2056 S
352 2030 375 2055 A
388 2030 411 2054 R
423 2030 442 2054 Ρ
457 2030 469 2054 1
486 2031 508 2055 o
532 2016 750 2065 adfignatam
775 2016 874 2054 addit
893 2015 957 2065 [x
973 2017 1006 2067 ].

1104 2089 1142 2130 H
1178 2091 1203 2128 h
1267 2104 1283 2136 3
1536 2092 1676 2143 Hl’ffi'l'ff

235 2153 279 2191 Ap
281 2151 319 2183 ud
342 2151 459 2182 BART
475 2161 497 2181 H
513 2156 685 2179 0L1Nvu
716 2149 830 2178 Centur.
854 2145 875 2177 Ι
897 2145 1044 2185 Ep1st26.

236 2195 278 2230 Ap
261 2163 319 2223 pud
344 2193 573 2222 BARTHOL.
597 2192 629 2219 in
649 2195 725 2218 anit.
751 2194 815 2217 terh
843 2195 967 2217 removit
999 2187 1052 2225 Ep.
1079 2186 1102 2217 1.
1127 2197 1155 2226 p.
1189 2195 1256 2227 774.

230 2232 454 2270 Metamorphos'
442 2243 462 2262 5
477 2233 618 2269 Apollinis
645 2231 682 2267 ’ἐξ
706 2227 860 2268 AEfiulizpii
882 2239 909 2266 p
932 2231 982 2265 76.

235 2274 269 2304 In
289 2275 464 2303 dedicatione
481 2273 605 2310 apologie
616 2270 680 2303 suae
700 2279 753 2307 Jro
777 2270 906 2298 cichiilat
922 2267 1006 2307 sing.

160 2315 341 2352 s*)R01³.
366 2314 553 2344 TAYLoa
579 2313 660 2342 Orat.
676 2312 775 2341 anniv.
793 2311 903 2340 Ham-ez·
925 2320 951 2347 p.
969 2317 1019 2348 44.

238 2352 438 2393 Animadverfi
468 2355 499 2382 in
523 2354 664 2382 Walaeztin
681 2362 709 2390 p
730 2355 798 2388 613.

200 2356 215 2432 ζ
235 2396 319 2426 Conf-
342 2395 522 2433 Hyacinthus
545 2394 588 2423 G1
602 2405 624 2422 M
638 2404 659 2422 M
673 2403 693 2422 A
711 2392 740 2421 in
765 2391 853 2422 ltalia
876 2392 1006 2423 litterata
1025 2400 1053 2430 Ρ.
1076 2393 1144 2428 696

160 2438 204 2478 )
229 2437 261 2469 G
290 2437 404 2469 CHAR
419 2447 436 2467 s
451 2446 466 2466 ε
482 2445 501 2465 r
515 2445 531 2465 0
545 2444 566 2465 N
596 2433 672 2464 three
693 2432 810 2466 lec‘lures
831 2441 860 2471 Ρ.
885 2440 932 2471 24

163 2153 212 2192 Ρ)

163 2195 278 2272 23

168 2276 215 2312 Ι)

162 2407 172 2425 l

93 2244 101 2256 .„

128 2153 149 2475 affimant-xrs&
