2003 2748
315 184 391 220 150
819 170 1105 212 LIB.II.
1168 170 1397 211 VASA:

776 284 808 326 §.
844 278 885 318 X
902 279 984 319 XI.
1050 280 1149 332 'Quas
1164 281 1262 331 sedes
1293 285 1440 319 teneant.

370 390 437 429 His
458 390 630 427 omnibus
652 387 807 427 collectis
826 391 972 440 adparet
986 417 995 432 ‚
1035 391 1160 439 utique
1180 391 1217 427 in
1245 391 1345 427 venis
1362 389 1406 427 ad
1427 389 1729 438 perpendiculum
1750 392 1901 441 pofitis,‘

311 449 471 491 brachii,
508 450 634 498 pedis,
680 450 808 497 penis,
843 449 1005 491 seminis,
1044 449 1185 497 juguli,
1221 449 1257 486 δε
1290 448 1362 486 fine
1391 450 1492 498 pari,
1528 449 1711 499 plerasque
1742 452 1897 490 valvulas

309 509 477 558 reperiri,
511 516 551 546 ut
574 508 679 556 sagax
703 507 806 545 senfit
832 507 998 555 Georgim
1018 507 1049 545 C
1063 519 1193 544 HEYN
1209 519 1227 544 ε
1254 508 1362 555 (m)
1382 521 1388 544 :
1423 509 1515 544 inter
1532 508 1741 546 transversas
1754 519 1895 554 tamen,

310 569 348 604 in
374 579 464 605 vena
491 566 676 604 subclavia.
724 565 871 605 Deinde
899 566 1084 617 plerasque
1107 568 1232 616 utique
1258 566 1412 604 valvulas
1442 574 1537 605 artus
1568 579 1746 617 occupare
1775 570 1897 617 (n),

311 627 350 663 &
373 628 537 675 corporis
560 625 784 675 superficiem
800 628 874 664 cuti
893 627 1127 668 viciniorem,
1161 634 1201 663 ut
1226 627 1262 662 in
1288 626 1479 674 profundis
1501 625 1587 664 vafis
1602 655 1612 670 ,
1646 626 1774 665 vafisve
1790 628 1899 666 visce-

309 697 392 722 rum
417 686 480 722 vix
508 696 669 733 unquam
694 686 924 734 reperiantur.
959 683 1019 723 De
1053 685 1121 722 illis
1145 686 1289 722 monuit
1321 683 1523 722 Guilielmzts
1546 684 1614 722 HA
1631 698 1756 724 RVEY
1788 687 1800 727 (
1821 695 1895 735 0),

310 743 355 781 de
385 742 457 780 istis
482 742 512 792 J.
543 741 580 780 B.
609 742 771 780 SENAc
803 743 917 792 <p):
957 750 998 782 ut
1023 752 1144 780 tamen
1169 743 1229 787 hic
1259 755 1402 780 memor
1427 743 1470 780 fis
1502 743 1725 782 valvularum
1751 745 1898 783 venosa—

309 815 392 840 rum
423 802 568 845 cordis,
603 800 843 840 Eustachianae
866 803 903 839 ὃς
933 803 1139 840 coronariae.
1176 802 1424 851 Quadrupeda
1449 803 1612 840 animalia
1636 805 1791 852 vivipara
1815 805 1898 853 plu-

310 874 390 905 res,
425 873 533 910 quam
559 861 750 904 homines,
788 861 886 899 nana
911 860 977 899 effe
1006 861 1183 899 videntur.
1218 860 1279 900 De
1300 860 1422 899 officio
1455 861 1625 899 nondum
1657 863 1775 911 potest
1795 863 1899 905 dici,'

309 933 394 958 cum
426 921 463 958 id
481 922 598 957 itineri
618 920 798 970 sanguinis
819 921 983 970 regendo
997 920 1212 959 destinatum
1226 919 1293 964 fit,
1322 921 1358 958 δε
1374 920 1418 958 de
1439 933 1483 959 eo
1502 922 1629 958 itinere
1640 921 1809 961 nondum
1828 921 1897 969 serf

308 991 375 1018 mo
389 978 464 1017 fieri
491 978 605 1030 possit.

473 1092 503 1133 §-
539 1087 582 1126 Χ
596 1087 708 1127 XII.
777 1089 961 1128 Venarum
976 1089 1075 1138 fines.
1117 1089 1173 1127 Ex
1192 1092 1344 1128 arteriis.
1388 1089 1445 1128 Ex
1473 1089 1541 1128 tela
1564 1089 1729 1140 cellulosa.

365 1197 483 1235 Unice
508 1197 683 1248 superest,
718 1205 759 1236 ut
784 1198 829 1236 de
851 1199 983 1237 finibus
1013 1211 1186 1236 venarum
1217 1199 1387 1237 dicamus.
1422 1198 1545 1241 Alter,
1585 1198 1810 1244 notiffimus,
1854 1199 1896 1237 ἧς

306 1257 363 1294 nis
386 1257 435 1293 est
462 1256 506 1294 ad
527 1258 619 1294 auris
648 1256 813 1307 smusque
841 1258 958 1295 dextri
980 1259 1100 1295 cordis
1126 1257 1304 1300 confinia,
1341 1259 1377 1294 δε
1398 1258 1442 1295 ad
1463 1257 1580 1295 finum
1598 1257 1782 1296 finistrum.
1821 1258 1892 1296 Sed

306 1314 395 1352 alter
422 1314 502 1352 finis
527 1315 742 1364 multiplex,
779 1328 897 1366 neque
922 1317 1084 1367 undique
1108 1316 1308 1366 perspectus
1331 1317 1389 1353 est.

366 1373 420 1412 Ex
445 1376 580 1412 arteriis
606 1374 754 1423 quidem
783 1377 923 1419 rubris,
958 1377 1081 1414 rubras
1109 1377 1239 1424 pariter
1266 1388 1372 1413 venas
1398 1377 1626 1418 continuari,
1668 1375 1801 1414 dicium
1830 1376 1891 1415 est,

305 1432 338 1470 Α
361 1433 539 1471 ἀυὲἰυὺυε
565 1436 772 1471 excretoriis
794 1435 886 1473 nasci
905 1447 981 1472 non
1007 1435 1149 1473 videtur
1166 1434 1353 1484 probabile
1367 1463 1376 1476 ‚
1415 1433 1474 1471 etsi
1500 1433 1623 1483 paffim
1639 1434 1749 1484 aliqui
1765 1447 1894 1474 eorum

305 1492 484 1530 duetuum
514 1505 579 1541 per
599 1505 707 1530 venas
731 1493 845 1531 inflari
869 1493 1040 1543 possunt,
1079 1495 1114 1531 ἃ
1140 1494 1304 1543 inprimis
1326 1502 1365 1530 ut
1391 1492 1479 1542 saepe
1500 1493 1598 1536 vidi,
1633 1501 1751 1531 ureter
1779 1494 1830 1541 [q
1847 1495 1863 1541 ]
1878 1522 1891 1538 ,

306 1553 370 1599 qui
405 1550 556 1588 viciffim
585 1551 745 1601 inpulsos
774 1553 931 1602 liquores
952 1553 996 1590 ad
1010 1565 1114 1590 venas
1138 1552 1257 1590 reddit
1274 1552 1404 1589 deinde
1427 1552 1552 1590 ductus
1576 1551 1759 1602 hepaticus
1779 1551 1889 1602 [r]

304 1607 445 1647 Verum
465 1639 474 1653 ‚
521 1623 606 1648 cum
649 1610 774 1650 duetus
816 1614 1007 1650 excretorii
1041 1611 1143 1649 suum
1177 1612 1359 1661 liquorem
1380 1640 1390 1655 ‚
1440 1623 1518 1648 non
1558 1611 1602 1648 ad
1641 1611 1851 1660 sanguinem
1877 1639 1893 1655 ‚

304 1667 364 1705 sed
397 1669 441 1705 ad
464 1669 671 1707 destinatam
689 1670 843 1720 aliquam
866 1684 1009 1709 caveam
1026 1670 1181 1713 vehant,
1216 1683 1293 1707 non
1316 1671 1364 1707 est
1385 1672 1459 1707 veri
1479 1669 1610 1712 simile,
1639 1668 1892 1707 frustra‘asan-

304 1728 417 1775 guine
436 1731 640 1766 excretorio
662 1730 859 1778 separatum
885 1731 1079 1769 humorem
1101 1731 1278 1767 continuo
1308 1731 1346 1766 in
1377 1728 1589 1778 sanguinem
1616 1728 1788 1766 venosum
1810 1729 1891 1766 red-

305 1785 444 1823 dituros
463 1786 536 1823 effe.
572 1787 728 1826 Videtur
743 1818 752 1832 ‚
782 1789 907 1828 ostiola
926 1790 1056 1829 venosa
1076 1791 1110 1827 &
1128 1789 1295 1827 uriniFera
1311 1788 1427 1837 ampla
1439 1787 1505 1825 effe
1519 1816 1529 1830 ‚
1558 1796 1599 1825 ut
1612 1799 1657 1824 ex
1670 1794 1808 1825 uretere
1825 1799 1889 1837 per

304 1847 510 1883 arteriarum
526 1847 563 1882 in
579 1859 707 1883 venam
720 1876 729 1890 ,
766 1860 844 1885 non
863 1848 948 1886 inde
962 1849 1074 1897 longe
1093 1856 1210 1885 natam
1222 1876 1231 1890 ,
1260 1851 1317 1884 a'e'r
1331 1854 1392 1884 aut
1409 1846 1567 1896 inpulsus
1591 1846 1712 1895 liquor
1726 1845 1883 1884 transeat,

302 1902 492 1942 Venosum
513 1912 632 1942 tamen
659 1906 791 1943 ostium
812 1909 938 1956 utique
966 1907 1070 1944 latius
1097 1906 1163 1944 effe
1185 1905 1320 1943 neceffe
1343 1905 1399 1942 est.

362 1962 433 2000 Sed
460 1963 564 2000 altera
590 1966 756 2014 princeps
786 1968 893 2014 origo
919 1978 1091 2003 venarum
1118 1965 1167 2002 est
1190 1976 1235 2002 ex
1256 1966 1394 2006 caveis,
1432 1965 1470 2000 in
1487 1975 1573 2013 quas
1595 1966 1728 2001 arteriae
1748 1963 1885 2013 aliquid

303 2022 520 2060 exhalarunt.
566 2022 703 2072 Aliquae
734 2024 862 2062 harum
890 2037 1062 2062 venarum
1086 2024 1297 2072 sanguinem
1317 2023 1433 2072 ipsum
1464 2023 1664 2065 reducunt,
1709 2022 1881 2071 exemplo

301 2093 473 2118 venarum
495 2083 596 2130 penis
611 2111 621 2124 ,
656 2082 829 2120 clitoridis
845 2112 854 2125 ‚
894 2085 1056 2133 corporis
1079 2082 1260 2120 cavernosi
1285 2082 1422 2132 papillae
1448 2081 1633 2119 muliebris
1648 2109 1657 2123 ‚
1699 2080 1877 2118 cellulosae

299 2140 377 2177 telae
397 2169 405 2182 ‚
446 2153 525 2189 quae
552 2141 615 2179 sub
642 2150 723 2180 cute
749 2142 1014 2182 nonnullorum
1042 2142 1250 2182 animalium
1272 2142 1320 2179 est
1344 2139 1455 2191 [s],
1494 2140 1625 2190 quibus
1645 2139 1778 2182 cristae,
1817 2146 1878 2178 aut

297 2199 447 2246 palearia
473 2200 540 2237 rub
548 2208 616 2237 ent.

1798 2257 1887 2297 Aliae‘

339 2361 353 2397 (
367 2364 421 2399 m)
444 2362 550 2402 Philosb
566 2364 646 2403 hical
652 2368 771 2405 princip.
788 2367 823 2405 ofl
851 2371 927 2409 relig.
945 2382 972 2410 p.
991 2382 1055 2410 350.
1153 2370 1165 2407 (
1186 2380 1202 2400 r
1218 2370 1230 2408 )
1252 2369 1304 2400 Per
1319 2377 1422 2399 venam
1437 2375 1535 2398 cavam
1548 2387 1555 2401 ,
1573 2374 1681 2404 perque
1695 2373 1798 2395 venam
1810 2371 1876 2402 por-

337 2404 417 2440 (n)
441 2403 522 2434 conf.
564 2406 590 2435 ll.
613 2406 630 2436 S
644 2417 656 2436 8
673 2416 693 2436 Ν
709 2418 727 2436 Α
741 2419 759 2438 c
785 2409 820 2439 T.
847 2410 868 2440 Ι.
892 2421 919 2448 p.
948 2422 1014 2452 257.
1112 2418 1206 2443 tarum
1227 2411 1301 2440 Vm
1315 2420 1360 2440 us
1373 2420 1385 2440 s
1399 2418 1470 2439 ans
1493 2408 1527 2437 de
1557 2407 1585 2435 la
1597 2404 1741 2444 strue'hcre
1757 2406 1802 2433 des
1822 2399 1875 2440 visi

339 2443 351 2477 (
374 2452 388 2471 ⁰
405 2444 417 2478 )
442 2446 568 2474 Dt’motu
584 2448 657 2476 cord»
676 2447 800 2487 &sang
816 2449 879 2491 diff]
895 2452 929 2481 11.
943 2463 972 2491 p.
992 2460 1057 2489 182,
1111 2462 1190 2482 ceres.
1219 2451 1305 2481 Addit
1319 2451 1348 2480 in
1368 2449 1500 2480 arteriam
1518 2457 1576 2477 non
1596 2446 1695 2476 subire.

337 2489 351 2518 k
368 2485 413 2520 Ρ)
436 2484 452 2513 ¹·
473 2495 498 2514 C·
524 2486 557 2516 T·
587 2493 622 2523 11·
640 2497 666 2525 p.
693 2492 760 2527 ⁶79.
1151 2493 1165 2529 (
1184 2502 1196 2522 s
1217 2492 1230 2530 )
1251 2492 1295 2524 De
1315 2492 1349 2523 iis
1364 2488 1585 2523 resorbuonibus
1604 2487 1654 2519 suo
1673 2487 1738 2518 loco
1750 2486 1871 2516 dicetur.

337 2522 400 2561 (q)
415 2523 496 2556 Conf.
509 2526 641 2562 Cowm
655 2528 691 2561 ad
703 2528 818 2563 Βιηιοο
830 2530 863 2563 T.
876 2531 979 2564 XL111.
996 2533 1015 2563 f.
1029 2542 1055 2572 5.
