2003 2748
458 146 1250 189 SECT.I..ARTER1ffl.
1591 162 1642 196 79

53 249 92 288 in
118 244 305 295 nuperiori
331 255 442 294 opere
471 252 598 282 contra
624 243 828 291 Johmmem
850 243 877 281 B
894 257 940 281 es
955 257 968 281 s
983 256 1001 281 E
1033 245 1193 282 defendit
1217 246 1271 292 (r
1288 247 1329 292 J,
1366 253 1471 295 ratque
1496 248 1650 294 repetito

55 306 254 344 adfirmavit
269 334 277 347 ,
314 317 391 342 eam
418 303 485 341 effe
509 306 546 341 in
566 316 680 353 puero
697 304 876 340 rationem
897 312 1002 341 aortae
1025 305 1069 341 ad
1098 305 1288 353 conjuncia
1308 305 1442 343 lumina
1459 304 1651 343 subclavia—

55 378 138 404 rum
160 394 169 408 ,
204 364 371 402 carotidis
390 363 530 401 finistrae
545 391 554 406 ‚
594 363 752 400 coeliacae
769 391 778 405 ‚
823 362 1135 401 mesentericarum
1151 393 1159 407 ‚
1199 365 1371 402 renalium
1390 394 1398 408 ‚
1441 365 1646 403 illisit-arum

57 425 128 462 Sed
158 437 198 464 ea
228 425 318 461 ratio
345 423 508 472 ponendi
537 422 663 459 calculi
697 421 882 470 insigniter
904 423 947 459 ab
974 435 1012 459 ea
1034 425 1172 460 ratione
1196 424 1314 461 differt
1333 454 1342 468 ,
1378 437 1446 474 qua
1482 425 1539 462 alii
1561 425 1652 475 phy-

57 483 188 532 fiologi
211 483 263 521 ufi
290 482 394 524 sunt,
427 489 575 519 truncus
596 483 692 518 enim
711 494 787 518 non
809 494 892 519 cum
922 482 1065 520 duobus
1089 485 1194 520 ramis
1222 486 1328 521 unius
1356 483 1538 522 divisionis
1555 514 1563 527 ‚
1592 484 1660 522 sed'

58 556 144 581 cum
160 544 268 579 ramis
283 552 418 578 novem
441 540 657 578 divisionum
675 541 707 577 se
724 542 1024 590 consequentium
1042 544 1085 579 ab
1104 541 1141 579 H
1154 555 1172 579 E
1187 555 1206 579 r
1221 556 1242 579 v
1260 556 1278 579 E
1294 555 1317 579 T
1332 556 1341 579 1
1357 556 1380 580 o
1409 552 1658 593 comparatur..

116 602 158 639 ln
173 600 378 638 universum
396 612 480 638 cum
494 599 704 637 HELVE‘rio
725 600 827 638 sentit
842 600 894 638 Cl.
925 601 1015 638 olim
1041 601 1190 639 clinicus
1204 602 1226 639 S
1239 614 1261 638 Y
1275 615 1295 638 L
1309 616 1331 639 v
1346 615 1365 638 Λ
1386 604 1400 650 (
1418 603 1482 648 5),
1511 606 1663 642 arteria--

57 673 140 699 rum
151 672 283 710 nempe
295 660 431 697 lumina
443 660 565 697 eundo
581 660 776 697 increscere
794 689 802 703 ,
831 661 866 697 δε
880 668 1052 698 truncum
1065 669 1173 699 aortae
1189 662 1232 699 ad
1247 662 1437 710 conjuncta
1453 662 1588 701 lumina
1599 676 1651 701 ar-

57 712 226 758 terIarum
245 719 465 769 capillarium
480 718 546 756 effe
558 721 610 758 uti
629 730 658 756 1.
681 720 724 757 ad
747 732 836 764 500.
854 719 878 756 fi
897 722 1091 758 minimum
1106 723 1372 760 incrementum
1389 722 1547 771 posueris
1568 724 1649 770 (t),

118 779 254 817 Similia
277 778 384 816 habet
413 778 566 817 Thomas
595 779 819 817 Monam
834 807 843 822 ,
890 780 992 817 addit
1019 787 1138 817 tamen
1169 783 1287 819 trunci
1314 782 1357 819 ad
1388 793 1508 820 ramos
1543 785 1652 820 ratio-

57 852 145 878 nem
167 842 205 876 in
224 840 384 876 minimis
403 839 439 875 &
464 838 688 888 capillaribus
712 839 859 876 vasculis
880 841 1062 877 minorem
1093 840 1169 877 fieri
1201 841 1220 888 (
1239 854 1261 877 u
1278 842 1308 888 ).
1345 841 1415 878 Sed
1440 854 1485 879 ex
1506 844 1650 891 integro

58 899 104 936 ad
128 899 225 937 hanc.
241 897 592 947 contemplationem
622 898 729 935 rediit
763 897 934 945 Georgius
960 899 1069 937 Min
1084 912 1107 935 T
1123 912 1135 936 1
1152 912 1177 936 N
1193 912 1212 937 E
1233 929 1242 942 ‚
1281 912 1324 937 ex
1351 901 1541 949 posthuma
1568 901 1652 940 Eus-

58 958 306 995 tachianarum
333 957 535 995 tabularum
561 959 858 1006 interpretatione
888 958 1025 996 clarior,
1069 958 1115 996 Iis
1138 971 1227 1008 ergo
1244 960 1372 997 tabulis
1393 960 1436 997 ad
1452 961 1650 998 metiendas

59 1019 269 1056 arteriarum
289 1017 483 1054 diametros
501 1017 583 1055 usus
605 1017 625 1065 (
643 1010 669 1053 ⁵x
686 1018 702 1064 )
720 1046 728 1060 ‚
769 1018 888 1066 legem
903 1018 1023 1067 posuit
1041 1018 1241 1066 ejusmodi,
1266 1027 1304 1057 ut
1320 1022 1438 1057 trunci
1463 1021 1508 1058 ad
1529 1033 1652 1059 ramos
1684 1020 1689 1023 χ

62 1078 271 1115 communis
282 1078 372 1113 ratio
385 1076 482 1114 foret
494 1077 548 1114 uti
566 1087 578 1111 1
592 1087 655 1112 00.
682 1076 725 1114 ad
749 1088 762 1111 1
775 1087 794 1112 2
805 1087 838 1113 2.
870 1089 882 1112 1
899 1088 914 1121 3
928 1088 959 1121 3.
985 1079 1019 1114 &
1049 1089 1061 1112 1
1075 1089 1122 1122 25
1140 1106 1149 1121 ,
1171 1077 1241 1116 sive
1256 1107 1266 1121 ‚
1300 1088 1339 1117 ut
1354 1080 1390 1116 in
1408 1082 1522 1128 prima
1540 1080 1573 1119 K
1587 1094 1605 1117 E
1620 1093 1653 1118 ια

62 1149 86 1173 L
101 1148 112 1173 1
127 1148 223 1173 ANA
255 1137 395 1173 ratione
412 1164 422 1178 ,
453 1136 527 1173 fere
554 1136 607 1172 uti
634 1146 671 1180 4.
709 1147 739 1180 5.
770 1135 794 1172 fi
811 1148 898 1174 vero
920 1137 1039 1186 piures
1062 1139 1151 1174 rami
1170 1137 1306 1175 fuerint
1320 1167 1329 1181 ‚
1367 1141 1545 1177 rationem
1567 1140 1653 1177 fecit

60 1197 114 1235 uti
143 1206 231 1230 100.
258 1206 273 1230 1
287 1205 302 1238 3
315 1200 347 1236 8.
384 1195 440 1241 (y
458 1195 484 1240 ).
519 1193 562 1232 Et
582 1196 620 1230 in
637 1195 843 1232 universum
857 1224 865 1238 ‚
898 1195 1114 1233 diametrum
1134 1199 1268 1234 arteriae
1290 1198 1460 1248 cujusque
1479 1199 1653 1249 aequalem

60 1252 181 1304 posuit
209 1253 321 1291 radici
342 1253 477 1291 cubicae
500 1254 669 1296 numeri,
702 1255 764 1303 qui
784 1254 937 1292 nascitur
965 1267 1009 1292 ex
1029 1255 1167 1293 summa
1192 1258 1372 1294 cuborum
1390 1258 1665 1296 diametrorum·

21 1354 26 1359 ⁴
60 1325 248 1351 ramorum
268 1314 436 1351 omnium
452 1315 506 1360 (z
521 1313 552 1362 ).
586 1312 726 1352 Verum
742 1327 781 1351 ea
804 1313 1011 1364 hypothesis
1021 1327 1150 1364 parum
1168 1318 1323 1354 omnino
1338 1328 1356 1353 a
1368 1317 1571 1365 conjeftura
1587 1317 1666 1354 dis-.-

59 1372 152 1416 fert,
189 1373 224 1410 &
243 1375 403 1422 optimus
428 1373 517 1410 olim
542 1371 569 1410 E
581 1385 600 1409 υ
616 1386 630 1411 s
643 1386 667 1410 T
682 1385 704 1410 A
718 1386 737 1411 c
752 1386 776 1410 H
792 1386 804 1410 1
821 1386 841 1410 υ
857 1387 872 1411 s
885 1403 894 1417 ,
932 1376 1074 1424 quoties
1103 1383 1219 1424 partes
1240 1376 1374 1426 aliquas
1399 1380 1562 1426 corporis
1587 1378 1670 1415 hu·-

61 1433 160 1470 mani
184 1432 375 1470 delineatas
397 1432 523 1475 dabat,
562 1432 607 1469 ad
625 1432 763 1471 summa
787 1435 909 1482 potius
932 1446 1053 1472 rerum
1078 1437 1191 1484 capita
1207 1465 1216 1478 ‚
1259 1437 1303 1473 ad
1330 1448 1456 1474 verum
1472 1436 1578 1474 firmi
1595 1449 1667 1475 or*

63 1491 260 1540 dinemque
285 1504 469 1529 ramorum
487 1520 495 1533 ‚
529 1491 564 1528 ἃ
590 1493 755 1541 inprimis
784 1493 828 1529 ad
856 1494 1066 1530 refutandos
1082 1506 1219 1531 errores
1236 1494 1273 1532 V
1285 1508 1304 1532 E
1317 1509 1331 1532 s
1344 1507 1366 1530 Α
1378 1508 1398 1532 L
1412 1509 1425 1532 1
1441 1508 1453 1532 1
1475 1497 1628 1547 respexit
1638 1523 1666 1539 ⁹,

64 1550 109 1587 de
138 1552 286 1587 minutis
320 1551 388 1587 illis
412 1550 672 1588 diametrorum
709 1551 882 1589 mensuris
909 1554 1017 1589 unice
1041 1552 1191 1591 securus.

123 1609 243 1646 Nimis
261 1621 387 1658 parcus
413 1609 481 1646 fuit
501 1609 587 1646 alter
608 1611 975 1648 iatroniathematicus
995 1612 1181 1658 ‘lohannes
1203 1613 1269 1650 TA
1283 1626 1302 1650 B
1315 1626 1337 1650 o
1353 1628 1372 1652 R
1393 1645 1400 1658 ‚
1436 1618 1498 1665 qui
1529 1617 1668 1654 lumem

65 1670 232 1705 omnium
259 1680 445 1705 ramorum
471 1667 574 1706 fimul
611 1668 811 1707 sumtorum
844 1670 887 1707 ad
912 1678 1049 1708 aortam
1073 1671 1182 1714 fecit,
1223 1675 1274 1710 uti
1296 1672 1341 1721 8}
1367 1675 1410 1711 ad
1434 1687 1463 1711 1.
1496 1678 1548 1722 (a
1564 1677 1590 1722 ).

125 1727 333 1776 Franczfcus
354 1727 392 1765 N
409 1739 421 1763 1
438 1738 458 1764 c
470 1739 496 1764 H
510 1740 533 1765 o
546 1740 566 1764 ι
580 1740 600 1764 L
614 1741 628 1765 s
643 1757 653 1771 ‚
687 1741 802 1778 nuper
830 1728 940 1778 Regis
967 1729 1224 1769 Britannorum
1245 1731 1447 1776 Archiater,
1484 1736 1565 1772 alias
1591 1736 1666 1772 ite-2-

63 1799 145 1825 rum
170 1787 350 1824 mensuras
377 1788 494 1836 cepit,
534 1787 686 1838 aliasque
719 1789 804 1826 inde
833 1791 992 1827 rationes
1016 1791 1175 1828 obtinuit
1203 1790 1295 1839 (h).
1346 1793 1533 1832 Summam
1563 1806 1653 1842 ergo

65 1847 246 1884 luminum
267 1858 452 1884 ramorum
472 1846 515 1883 ad
536 1847 659 1884 lumen
686 1850 804 1885 trunci
832 1848 952 1886 sumsit
978 1851 1014 1886 in
1043 1851 1181 1887 ratione
1211 1851 1414 1890 constanter
1439 1854 1550 1904 sesqui
1570 1857 1655 1895 alte-

64 1918 110 1943 ra.
155 1904 208 1943 Ex
238 1906 478 1943 mesentericis
509 1908 642 1944 arteriis
676 1907 767 1945 adeo
790 1910 914 1957 primae
946 1908 1128 1947 divisionis
1154 1912 1309 1948 rationes
1330 1913 1414 1950 fecit
1446 1913 1504 1942 ¹⁴³⁷
1526 1914 1571 1951 ad
1598 1917 1644 1968 *ἒξ

1457 1942 1495 1963 Ιό

65 1964 108 2013 ’ξ
136 1977 214 2013 quae
240 1967 330 2003 ratio
355 1965 405 2002 est
429 1967 482 2003 uti
518 1977 577 2002 10.
611 1978 672 2012 15.
719 1966 762 2004 In
784 1968 937 2006 secunda
969 1968 1142 2006 divisione
1169 1970 1295 2007 lumen
1319 1974 1438 2010 trunci
1464 1973 1583 2021 posuit
1607 1986 1664 2016 uez

1610 2035 1666 2057 64⁷

108 2137 168 2173 (r)
193 2140 287 2168 Lettre
309 2149 348 2168 au
364 2137 441 2177 sujet
459 2140 531 2168 dela
550 2140 629 2169 lettre
649 2143 769 2180 critique
786 2143 818 2171 de
840 2142 883 2173 M.
905 2143 957 2173 Bt
971 2152 982 2173 s
997 2153 1009 2173 s
1022 2153 1040 2174 xz
1058 2153 1087 2182 p.
1113 2149 1177 2179 181.
1200 2144 1284 2183 seqq..

109 2179 165 2215 (s)
190 2182 231 2209 De
255 2181 281 2208 la
297 2178 410 2218 suignde
428 2190 454 2219 p.
485 2190 549 2210 112,

108 2221 171 2257 (t)
196 2220 264 2250 lbid.
292 2219 320 2248 Τ
354 2221 389 2251 11.
416 2232 443 2259 p,
465 2231 531 2259 297.

110 2260 121 2295 (
136 2271 154 2289 u
172 2260 199 2298 >⁸
211 2261 366 2291 Mechmic
376 2262 497 2299 prczc'liee
519 2261 655 2302 quhgigsz'k
676 2275 705 2303 p.
728 2273 795 2303 124.

134 2304 178 2338 x)
196 2302 272 2332 Loco
290 2302 381 2332 statim
398 2304 512 2333 citando
535 2314 562 2342 p.
595 2314 657 2343 ¹42·

163 2344 176 2379 )
199 2339 292 2381 Effiiys
314 2342 486 2385 oscifhciety
499 2351 529 2374 at
543 2346 718 2385 Edimhurgl)
741 2347 775 2377 T.
801 2346 852 2379 III.
881 2358 908 2385 p.
937 2357 1003 2386 143.
1035 2351 1060 2379 S:
1087 2350 1120 2379 de
1142 2350 1420 2391 ani-malibfimilib.
1450 2364 1476 2392 p.
1497 2360 1564 2395 183.
1589 2363 1664 2396 1841.

169 2384 181 2419 )
203 2383 284 2413 Conf.
314 2386 409 2423 Elstlss
429 2385 444 2415 l.
472 2396 497 2415 c.
517 2396 544 2424 p.
566 2396 631 2423 150.
651 2389 676 2417 ὃς
701 2389 734 2417 de
756 2391 844 2420 anim.
862 2389 951 2429 simil„
972 2400 999 2428 p.
1024 2400 1089 2429 194.
1632 2394 1635 2395 ⁷

167 2425 179 2461 )
198 2425 322 2454 Exercit.
344 2427 447 2457 Medic
461 2435 488 2464 p.
523 2436 547 2464 3.

109 2302 121 2336 (

108 2342 151 2379 (y

108 2382 121 2416 (
134 2392 151 2412 z

108 2423 121 2458 (
135 2434 151 2452 n

104 2465 151 2502 th
199 2467 344 2503 compend.
370 2473 450 2497 anat.
471 2477 597 2500 oeconom
617 2468 652 2500 T.
677 2467 713 2502 ΙΙ.
736 2470 754 2501 f.
771 2481 797 2507 4,
