2003 2748
279 152 363 194 445
790 136 1112 178 LJB.IV.
1180 136 1353 178 COR.

278 245 318 281 in
355 242 446 281 tubo
471 239 588 279 vitreo
616 230 634 276 a
659 236 796 286 frigore
826 241 887 274 aut
914 234 1040 278 nullo,
1076 243 1136 273 aut
1164 235 1255 273 adeo
1283 240 1379 273 certe
1408 235 1545 284 exiguo
1564 235 1701 284 gradu,
1735 239 1887 285 promoss

278 310 404 343 vetur,
440 301 542 347 cujus
572 298 616 335 ad
636 296 859 335 movendam
877 295 1058 345 sanguinis
1077 294 1221 333 massam
1249 294 1346 333 nulla
1363 297 1486 344 portio
1509 294 1576 337 fit,
1610 295 1636 332 fi
1657 296 1792 344 frigore
1809 310 1885 336 non

278 364 416 411 regitur
435 388 444 402 ,
481 371 602 407 neque
632 370 651 395 a
676 357 795 395 calore
816 355 920 393 valde
938 355 1163 405 expanditur.
1199 355 1368 393 Nimium
1385 356 1422 392 in
1442 356 1694 404 experimento
1709 356 1772 394 suo
1790 357 1886 395 calo-

280 433 357 459 rem
381 419 546 457 adhibuit
575 417 628 456 Cl.
664 416 691 455 B
705 429 723 454 E
736 429 758 454 R
771 428 794 453 T
809 428 821 452 1
836 428 855 453 ε
868 428 901 452 R.

341 479 446 517 Adde
466 483 598 516 iterum
615 506 624 520 ‚
660 477 719 515 hic
736 476 871 519 valere,
908 487 987 525 quae
1006 475 1165 513 diximus
1182 473 1227 512 de
1245 476 1453 513 arteriarum
1472 476 1739 519 contractione,
1776 477 1813 515 ὃς
1829 490 1888 516 va2-

280 541 354 578 lere
385 540 492 576 etiam
517 539 641 587 magis.
680 536 789 574 Calor
821 547 912 573 caeca
948 535 1047 573 causa
1071 537 1141 578 est,
1178 547 1256 585 quae
1281 535 1443 585 liquores
1473 536 1645 585 utrinque
1673 536 1815 581 dilatat,
1851 538 1889 575 &

282 601 451 648 sanguini
482 599 555 635 vivi
588 597 750 634 animalis
771 596 939 633 admotus
957 595 1076 638 calor,
1098 595 1171 632 huc
1195 596 1230 632 Sc
1250 595 1337 632 illuc
1356 596 1392 631 in
1414 597 1590 633 contraria
1606 625 1616 639 ‚
1638 609 1722 634 eum
1747 596 1889 645 sangui-

282 672 368 697 nem
393 659 495 707 cogit
518 657 644 706 fugere
677 655 788 704 (m).
825 653 1012 703 Ejusmodi
1046 667 1134 692 vero
1171 654 1270 692 causa
1301 654 1531 692 tantumdem
1556 663 1705 693 noceret
1741 656 1890 694 circula-

283 720 377 757 tioni
389 718 601 759 humorum,
623 722 801 766 quantum
818 707 1012 764 adjuvaret.
1035 713 1275 751 Promoveret
1287 714 1331 751 ad
1345 715 1495 751 minIma
1508 713 1719 763 sanguinem
1735 717 1763 753 is
1777 716 1886 758 calor,

284 780 348 828 qui
365 779 457 815 inter
490 776 631 815 causam
655 775 785 813 caloris
816 775 914 812 est&
932 787 970 812 ea
989 775 1140 811 minima
1158 773 1252 812 vasa:
1284 773 1345 811 sed
1360 773 1511 823 perinde
1539 773 1711 812 resisteret
1726 774 1889 824 sanguini

284 852 303 877 a
330 838 441 876 corde
468 837 686 874 advenienti.
732 835 831 873 Hinc
847 834 1012 884 suppone
1041 834 1200 872 calorem
1220 833 1399 884 systemati
1416 833 1582 872 vasorum
1597 835 1739 878 vitreo,
1778 836 1814 871 δε
1837 837 1891 871 vi-

284 897 409 940 debis,
444 896 742 938 rarefaffionem,
778 895 815 931 δε
852 893 1127 937 ebullitionem,
1164 901 1385 942 motumque
1417 893 1627 931 intestinum
1655 894 1806 944 quidem
1836 895 1892 932 in-

285 958 331 995 de
350 956 464 1001 nasci,
499 966 787 1005 nunquamvero
806 952 909 992 fluidi
937 952 1250 1003 progreffionem‚
1286 953 1399 1003 qualis
1426 954 1465 990 in
1496 953 1670 1002 sanguine
1695 953 1754 993 est.

478 1071 511 1114 ς.
546 1064 632 1105 XL
648 1063 673 1103 L
728 1058 795 1104 Vis
823 1065 936 1103 cordis
971 1063 1015 1111 (st
1041 1064 1223 1112 primaria
1252 1061 1356 1112 causa
1383 1068 1496 1101 motus
1515 1063 1716 1113 sanguinis.

345 1174 444 1228 Ergo
458 1178 494 1214 in
506 1175 720 1214 animalibus
731 1175 872 1224 frigidis
884 1187 903 1213 a
923 1172 1002 1212 solo
1016 1174 1127 1212 corde
1139 1203 1148 1217 ‚
1167 1175 1204 1211 in
1223 1174 1357 1217 calidis,
1383 1175 1427 1211 ab
1442 1174 1573 1212 eodem
1590 1173 1754 1214 musculo
1768 1202 1778 1218 ,
1807 1175 1894 1215 cum'

287 1238 412 1288 aliquo
435 1238 478 1274 ab
491 1238 627 1274 arteriis
643 1237 841 1283 majoribus
856 1234 1119 1274 subsidentibus
1135 1233 1274 1271 alterno
1295 1234 1508 1281 adjumento
1520 1262 1530 1277 ,
1557 1241 1798 1282 promovetur
1816 1236 1892 1274 san-

288 1300 370 1350 guis
390 1326 399 1340 ,
435 1308 566 1345 magna
592 1303 689 1333 certe
709 1294 813 1332 massa
827 1323 836 1338 ,
873 1295 909 1332 δι
927 1294 1123 1332 multarum
1144 1293 1338 1335 librarum,
1373 1301 1414 1331 ut
1436 1293 1599 1331 suoloco
1624 1294 1678 1339 (n
1692 1293 1712 1341 )
1726 1294 1893 1333 ostende-

288 1365 356 1395 tur.
392 1356 553 1404 Negavit
573 1357 700 1405 utique
715 1362 829 1392 totam
851 1356 992 1391 moveri
1008 1382 1018 1396 ‚
1053 1352 1080 1390 B
1096 1366 1118 1390 o
1132 1366 1154 1390 n
1169 1365 1187 1390 E
1202 1365 1223 1389 L
1237 1365 1258 1389 L
1271 1365 1283 1389 1
1298 1364 1320 1389 A
1334 1365 1359 1389 N
1374 1364 1397 1389 o
1410 1365 1432 1389 R
1448 1365 1469 1389 u
1482 1364 1510 1389 M
1544 1350 1806 1391 miraculorum
1831 1355 1893 1392 de-

285 1417 438 1455 struc‘ior
459 1415 494 1454 K
507 1427 526 1452 E
543 1427 555 1451 1
571 1428 591 1452 L
607 1427 618 1451 1
636 1427 655 1451 u
668 1427 683 1452 s
707 1415 727 1462 (
745 1426 763 1451 ο
781 1414 802 1463 )
822 1428 828 1451 ;
865 1414 1012 1463 negavit
1031 1441 1041 1455 ,
1077 1414 1153 1450 vim
1187 1412 1307 1450 cordis
1341 1414 1460 1449 motui
1489 1411 1670 1460 sanguinis
1690 1412 1892 1453 suscitando

286 1488 412 1526 parem
437 1473 527 1517 effe,
564 1473 590 1511 fi
618 1474 766 1524 quando
792 1472 991 1523 subpreffus
1007 1473 1134 1510 fuerit:
1170 1473 1343 1520 negavit,
1377 1471 1515 1509 undam
1545 1471 1727 1520 sanguinis
1752 1483 1895 1512 antece«

287 1537 438 1573 dentem
466 1534 693 1584 subsequenti
719 1532 895 1571 resistere:
931 1540 1038 1582 atque
1057 1532 1149 1570 adeo
1177 1544 1196 1569 a
1222 1531 1342 1569 cordis
1361 1533 1526 1581 potentia
1547 1533 1698 1570 unicum
1720 1532 1893 1572 biuncem

286 1596 468 1643 sanguinis
490 1594 628 1644 impelli
653 1593 794 1643 posuit,
831 1593 976 1644 qualem
1008 1604 1079 1630 una
1097 1591 1220 1635 unda,
1255 1603 1332 1631 uno
1363 1591 1483 1630 cordis
1506 1590 1610 1641 pulsu
1641 1591 1686 1629 de
1712 1594 1895 1642 ventricu-⁴

287 1656 324 1693 lo
346 1654 483 1692 sinistro
503 1654 619 1703 egesta
632 1682 641 1697 ‚
677 1652 786 1691 efficit
802 1651 818 1705 (
831 1661 855 1701 p
869 1655 895 1700 ).

348 1713 465 1751 Facile
496 1714 529 1750 se
549 1720 710 1752 tueretur
723 1712 750 1751 B
763 1725 786 1751 o
802 1726 825 1750 R
838 1725 857 1750 E
871 1726 890 1750 1.
905 1725 926 1750 L
940 1725 999 1750 us.
1036 1711 1210 1752 Diximus
1232 1713 1269 1750 in
1299 1712 1452 1751 animale
1468 1740 1477 1755 ‚
1514 1713 1616 1760 cujus
1635 1712 1792 1762 sanguis
1815 1714 1896 1762 qui-¹

290 1772 394 1814 escit,
430 1779 545 1808 totam
566 1772 708 1810 massam
743 1785 761 1809 a
796 1772 874 1810 solo
899 1773 1010 1810 cord-e
1029 1773 1214 1810 conti-aeto
1246 1772 1435 1810 manifesto
1461 1769 1619 1821 propelli
1649 1772 1708 1820 (q
1725 1773 1765 1819 ):
1801 1772 1892 1808 vidi-

290 1844 372 1868 mus
404 1832 532 1874 etiam„
567 1843 686 1880 neque
716 1830 850 1873 semel,
886 1831 1161 1868 antecedentem
1193 1831 1331 1868 undam
1365 1844 1384 1868 a
1417 1830 1653 1878 subsequente
1683 1832 1823 1879 percuti
1855 1831 1894 1879 ὃς

288 1901 508 1941 promovere
545 1889 643 1938 (r).

618 2003 650 2046 ᾗ.
683 1998 725 2039 X
741 2000 770 2039 L
786 1999 803 2038 Ι
818 1999 844 2038 Ι.
910 1998 1088 2049 [Mensura
1104 2000 1242 2038 virium
1258 1998 1370 2037 cordis
1382 2011 1513 2047 magna
1525 1998 1577 2047 cst..

351 2108 387 2148 Si
399 2120 574 2158 magnum
584 2109 731 2159 pondus
744 2111 815 2154 est,
834 2110 936 2161 quod
947 2123 965 2149 a
977 2110 1088 2148 corde
1099 2116 1279 2156 movetur,
1301 2122 1434 2162 magna
1449 2111 1557 2151 etiam
1568 2109 1729 2150 celeritas
1745 2109 1803 2154 est,
1823 2109 1894 2160 qua

1814 2182 1895 2209 mo-

406 2267 419 2303 )
443 2269 510 2304 Exp
523 2264 578 2304 sir
601 2268 624 2296 le
644 2277 774 2297 mouvem
777 2273 824 2297 eat
839 2266 971 2308 dufizng.
999 2273 1026 2300 6
1048 2278 1076 2308 7.

373 2307 413 2383 ζ
435 2307 538 2377 IijeVI
500 2351 530 2377 vi
550 2349 642 2377 cordis
669 2351 830 2379 Tentamm
857 2351 905 2380 ΙΙΙ.
985 2357 1030 2389 58.
1057 2352 1115 2382 edit
1132 2352 1193 2383 Lat.

402 2388 414 2424 )
439 2386 524 2418 Conf.
557 2389 589 2418 M
605 2398 652 2418 οι
667 2399 698 2419 is
710 2399 721 2419 s
733 2399 751 2418 o
768 2400 788 2419 N
817 2393 926 2421 Lettres
931 2360 998 2430 sur5
1011 2393 1033 2421 le
1046 2394 1127 2423 choix
1149 2395 1195 2422 des
1207 2390 1336 2432 fizigne'es
1353 2402 1382 2435 p.
1399 2396 1448 2431 26

401 2429 416 2508 Ξ
438 2438 550 2502 {agitati
564 2471 703 2504 Memoir.
715 2469 817 2512 ficrle
839 2482 935 2505 mouv.
955 2474 994 2504 clu
1002 2471 1059 2514 ‚sim
1050 2484 1085 2513 zg.
1107 2478 1175 2513 Exp.
1203 2485 1252 2514 93.
1275 2481 1346 2512 180„

363 2276 391 2498 ἿῆὌθξΞ

332 2266 391 2302 (η

332 2308 383 2342 (1

333 2349 347 2383 (

333 2388 347 2424 (

333 2430 347 2464 (

333 2469 349 2508 ί
