2003 2748
281 175 368 216 476
847 159 975 201 ¹LIB.
1010 161 1037 200 I
1067 160 1111 201 V.
1177 159 1208 200 C
1239 160 1276 201 O
1306 160 1351 201 R.
1397 194 1408 202 ,

279 262 517 304 naturalium,
553 259 656 309 quale
692 270 756 296 cor
782 258 854 301 est,
889 270 1021 296 nervos
1045 269 1064 295 a
1094 256 1173 296 solo
1198 255 1378 295 cerebello
1395 253 1525 293 hahere
1558 252 1654 305 (ej,
1680 257 1875 298 voluntari-

281 335 322 360 os
348 329 467 360 autem
496 319 678 357 musculos
701 318 871 369 equidem
896 318 932 355 &
956 330 976 355 a
1007 317 1157 355 cerebro
1185 317 1221 354 &
1243 329 1262 355 a
1297 315 1475 355 cerebello
1504 327 1637 353 nervos
1667 316 1754 356 suos
1784 320 1876 356 acci-

279 394 363 432 pere
390 376 470 428 (d)
504 372 684 428 scripserit.

339 439 452 476 Etiam
485 450 549 487 per
574 449 771 475 nervorum
810 436 1011 474 discrimina
1035 435 1276 485 phaenomena
1298 434 1439 477 cordis,
1480 434 1704 473 voluntarios
1734 436 1877 475 muscu-

277 499 333 536 los
366 497 562 535 constantia
581 496 729 534 suorum
752 503 922 534 motuum
951 495 1164 545 superantis,
1196 495 1373 544 explicare
1404 493 1553 544 suscepit
1585 494 1689 532 laude
1712 495 1801 533 olim
1822 496 1878 533 di-

277 556 463 607 gniffimus
480 556 606 594 Praesul
626 555 810 603 johannes
824 554 956 592 Maria
977 554 1006 593 L
1021 567 1042 591 A
1056 567 1079 591 N
1095 567 1114 591 c
1133 567 1145 591 1
1159 566 1198 591 s1
1215 566 1236 591 u
1254 567 1279 591 s.
1317 553 1530 592 Satellitium
1555 566 1687 603 nempe
1703 562 1876 593 motuum

276 617 425 655 arbitrio
449 615 645 653 voluntatis
677 615 928 652 obnoxiorum
953 614 1110 662 gangliis
1132 612 1337 650 intermistis
1365 612 1549 650 distinxit:
1584 625 1703 662 exque
1735 616 1776 650 iis
1788 626 1876 662 gan-

276 676 358 725 gliis
380 675 526 717 docuit,
561 683 620 712 aut
652 674 821 716 celerius,
856 680 916 710 aut
944 673 1098 714 lentius,
1133 672 1274 720 spiritus
1301 683 1454 709 nerveos
1483 672 1528 708 ad
1559 671 1751 709 destinatos
1782 672 1877 711 mus-

277 735 380 773 culos
400 733 535 776 fluere,
569 735 623 771 uti
650 745 669 770 e
697 745 735 770 re
765 731 848 770 effet
871 733 1091 769 dominantis
1114 725 1240 768 animae
1267 732 1284 778 (
1293 731 1345 777 e).
1385 729 1576 768 Contraria
1608 743 1695 768 vero
1725 732 1787 769 cel.
1824 733 1876 769 vi.

275 795 306 832 ri
321 805 478 843 nuperus
504 792 686 843 prosedfflr
714 791 904 842 proposuit
930 789 1023 840 (f),
1056 791 1178 828 vitales
1204 802 1336 839 nempe
1364 801 1496 827 nervos
1530 788 1618 832 effe.
1659 791 1722 839 qui
1743 791 1875 829 crebris

275 853 474 904 plexubus,
510 851 746 890 diteffionem
775 858 897 889 motus
922 863 940 887 a
976 850 1161 889 voluntate
1189 848 1342 898 impreffi
1357 849 1629 897 frangentibus,
1664 850 1883 899 intricarem*

275 919 353 950 tur:
382 911 545 960 exempla
558 911 731 959 produxit
743 922 940 948 nervorum
951 909 1093 953 cordis,
1119 908 1324 960 pulmonis,
1353 906 1566 951 ventriculi,
1590 909 1868 952 intestinorum,

275 971 524 1020 viscerumque
543 969 747 1008 abdominis

851 1039 883 1082 ᾗ.
919 1033 988 1073 ΙΧ.
1054 1034 1140 1074 Non
1163 1034 1313 1073 videtur.

331 1145 413 1195 Ego
442 1158 530 1184 vero
564 1145 703 1184 dudum
734 1146 925 1194 experior,
959 1142 1126 1182 rariffime
1149 1157 1205 1183 eas
1240 1155 1361 1181 rerum
1390 1144 1606 1182 naturalium
1634 1143 1873 1193 interpretatiss

275 1219 366 1244 ones
393 1205 511 1243 firmas
538 1203 629 1247 esse,
666 1216 744 1254 quae
777 1204 933 1252 eleganti
962 1202 1185 1252 simplicitate
1218 1203 1373 1253 speciem
1404 1205 1478 1241 veri
1493 1205 1687 1241 imitantur.
1732 1203 1783 1241 Ita
1817 1216 1871 1241 re-

274 1274 379 1314 cepta
396 1264 529 1301 inWi
546 1277 565 1300 L
580 1275 627 1301 L!
643 1276 712 1300 811
740 1262 931 1313 hypothesi
956 1275 1153 1301 nervorum
1170 1262 1372 1300 discrimina
1396 1275 1414 1300 a
1431 1270 1506 1300 tota
1531 1272 1699 1299 anatome
1726 1259 1872 1300 refutari

273 1323 416 1362 dudum
446 1335 532 1361 cuni
559 1324 717 1360 maxime
747 1331 934 1371 regnaret,
970 1323 1100 1359 monui
1135 1321 1236 1369 (g).
1272 1320 1315 1359 Et
1345 1322 1505 1370 primum
1525 1321 1701 1368 ejusmodi
1731 1321 1870 1359 causam

273 1383 501 1432 perennioris
522 1384 558 1419 in
583 1382 694 1419 corde
727 1390 850 1420 motus
885 1393 1091 1431 proponere
1129 1387 1301 1430 oportet,
1336 1391 1415 1429 quae
1448 1381 1486 1417 in
1508 1381 1677 1418 omnibus
1709 1381 1869 1417 animali-

271 1442 363 1485 bus,
399 1441 714 1491 quadrupedibus,
749 1442 893 1483 avibus,
927 1440 1105 1490 piscibus,
1143 1441 1179 1478 ὃς
1207 1439 1343 1477 inseetis
1369 1439 1518 1476 demum
1544 1440 1709 1477 constans
1737 1440 1869 1489 reperi-

272 1508 379 1539 atur:
426 1513 510 1539 cum
540 1512 579 1537 ea
605 1501 728 1538 omnia
758 1500 922 1537 animalia
949 1501 986 1536 in
1012 1499 1078 1537 hac
1103 1499 1174 1549 ipsa
1210 1499 1447 1548 perpetuitate
1477 1507 1599 1537 motus
1630 1499 1750 1537 cordis
1780 1511 1869 1538 con-

271 1562 427 1598 veniant.
463 1560 603 1599 Verum
628 1561 721 1597 inter
754 1559 829 1598 haec
861 1559 1025 1596 animalia
1051 1571 1127 1596 nou
1148 1571 1260 1608 pauca
1287 1558 1366 1596 sunt
1387 1587 1395 1600 ‚
1432 1570 1510 1608 quae
1541 1566 1601 1596 aut
1631 1558 1788 1601 nullam,
1808 1564 1868 1596 aut

273 1620 486 1662 obscuram,
521 1619 658 1657 cerebri
682 1632 700 1656 a
723 1619 902 1656 cerebello
939 1617 1178 1656 diversitatem
1218 1617 1359 1655 habent.
1397 1616 1553 1655 Piscibus
1582 1619 1620 1654 in
1662 1617 1869 1655 universum

271 1680 423 1716 minime
438 1686 577 1717 certum
596 1678 814 1717 cerebellum
831 1706 841 1721 ‚
878 1678 913 1715 &
933 1690 1060 1726 parum
1073 1689 1270 1715 nervorum
1289 1677 1358 1719 est,
1394 1688 1486 1726 quos
1508 1677 1733 1725 encephalon
1757 1689 1868 1725 gene-

271 1745 343 1780 rat,
363 1750 481 1787 neque
496 1738 581 1776 inde
596 1739 640 1776 ad
657 1750 721 1776 cor
737 1738 814 1775 satis
831 1737 1017 1775 manifesto
1034 1737 1235 1787 quidquam
1247 1736 1441 1774 deduuum
1454 1736 1503 1773 est
1522 1736 1701 1774 fibrarum.
1737 1735 1866 1774 Infesta

273 1797 427 1833 omnino
457 1797 635 1834 cerebello
668 1797 932 1838 destituuntur,
967 1797 1069 1845 quod
1091 1810 1110 1834 a
1136 1797 1286 1834 cerebro
1314 1795 1492 1833 diversum
1526 1795 1578 1833 sit.
1615 1794 1797 1833 Omnibus
1816 1802 1866 1831 ta-

270 1867 357 1892 men
387 1856 600 1893 animalibus
620 1854 678 1892 sua
696 1861 861 1903 tempora
881 1854 961 1890 sunt
975 1881 985 1895 ‚
1021 1856 1152 1902 quibus
1180 1866 1244 1891 cor
1265 1854 1414 1902 quidem
1434 1856 1554 1902 pergit
1573 1855 1738 1902 operari,
1775 1853 1864 1891 dum

269 1913 434 1952 sensuum
468 1912 620 1951 officinae
652 1913 847 1962 quiescunt.

328 1972 475 2011 Deinde
517 1975 555 2010 in
586 1972 765 2010 cerebello
801 1972 955 2011 omnino
997 1971 1086 2009 nihil
1124 1972 1193 2014 est,
1229 1972 1330 2018 cujus
1364 1972 1474 2019 gratia
1499 1972 1537 2008 in
1564 1970 1765 2020 sanguinis,
1805 1979 1865 2010 aut

268 2032 459 2081 spirituum
478 2060 487 2074 ,
522 2042 628 2070 motu
648 2032 797 2070 cerebro
820 2032 1040 2069 constantius
1061 2030 1110 2068 sit.
1146 2030 1241 2069 Cum
1268 2032 1366 2067 enim
1390 2030 1507 2069 multo
1538 2030 1617 2080 plus
1637 2031 1765 2069 habeat
1783 2043 1863 2068 cor-

268 2093 374 2135 ticis,
414 2091 505 2129 adeo
537 2092 686 2129 cerebro
714 2103 790 2128 non
831 2091 879 2128 est
918 2090 1083 2134 solidius,
1113 2097 1154 2128 ut
1183 2087 1331 2129 mollius
1360 2088 1420 2135 fit,
1454 2102 1518 2140 per
1551 2102 1687 2141 nupera
1723 2090 1862 2140 experi-

266 2157 390 2199 menta
416 2149 611 2203 Monspelii
639 2157 739 2200 capta
770 2149 856 2197 (h).

1793 2207 1863 2246 Sed

307 2265 357 2301 (c
378 2266 391 2301 )
413 2264 432 2295 1.
457 2270 635 2302 c.p.162.

308 2304 390 2341 (d)
413 2305 432 2335 l.
457 2316 480 2337 c.
503 2315 530 2343 p.
568 2307 634 2345 163.

306 2344 386 2381 (e)
416 2347 588 2383 Degangliis
610 2358 636 2385 p.
656 2356 725 2385 4¹⁰·
759 2348 825 2378 edit.
857 2348 939 2379 Rom.
972 2359 1041 2388 nup.

307 2384 386 2423 (f)
406 2384 539 2424 Jtfi’plius
561 2387 582 2416 L
595 2398 603 2416 1
617 2398 633 2417 E
647 2397 702 2417 UT
719 2399 740 2418 Λ
753 2398 802 2418 un
822 2388 880 2418 diff.
910 2390 931 2420 Ι.
955 2392 1017 2428 post
1047 2385 1129 2430 effizys
1156 2390 1327 2419 d'anatomie
1357 2398 1384 2426 p.
1403 2396 1470 2425 702.

307 2425 385 2463 (g)
407 2429 558 2470 Coriginent.
591 2428 626 2458 ad
646 2438 673 2457 n.
707 2433 773 2461 600.
805 2430 927 2463 Praelefi.
953 2433 1046 2462 Boerh.
1069 2432 1117 2469 qui
1143 2441 1209 2461 ann.
1244 2439 1327 2468 1743.
1353 2430 1468 2467 prodiit,

307 2465 384 2506 (ly)
408 2466 556 2509 Assemhle'e
578 2469 612 2502 cle
641 2469 671 2502 la
686 2465 788 2509 fimet&
818 2471 920 2509 Royale
943 2472 988 2503 des
1008 2470 1130 2513 fiieatces
1163 2471 1251 2510 2746.
1283 2480 1310 2509 p.
1345 2479 1391 2510 73,
