2003 2748
322 201 404 236 232
545 191 576 228 L
610 190 702 228 IB.
746 189 852 228 III.
919 189 1274 229 CIRCUITUS
1322 189 1678 233 SANGUINIS.

323 286 383 324 etsi
407 286 520 323 suasor
549 283 648 333 [d]
670 296 744 321 non
774 284 889 328 deest,
919 286 956 322 &
983 286 1018 321 in
1057 287 1231 335 praecipiti
1259 286 1337 325 casu
1367 299 1384 324 a
1414 288 1532 326 morsu
1561 295 1741 327 venenatae
1779 291 1907 335 bestiae,

321 346 414 383 forte
441 343 587 382 celerius
612 355 712 392 aegro
736 343 912 385 subveniri
938 343 1063 394 poffit‚
1100 357 1207 394 quam
1237 358 1299 395 per
1321 346 1446 395 longas
1477 348 1689 391 ventriculi,
1728 350 1912 388 intestino-

320 417 422 447 rum,
454 405 489 439 δι
517 403 711 440 lacteolum
740 402 904 441 vasorum
945 405 1119 452 ambages.
1197 403 1316 442 Nimis
1349 407 1443 443 enim
1479 407 1590 444 multa
1631 407 1735 444 nobis
1775 411 1912 457 experi-

320 472 441 500 menta
470 462 648 505 facienda,
683 463 719 499 Sc
747 474 830 500 curn
865 463 1027 512 periculo
1062 464 1252 512 conjuncta
1284 464 1439 508 desunt,
1483 466 1601 503 donec
1635 466 1775 504 dofium
1808 479 1913 506 veros

320 521 428 564 fines,
474 522 510 558 δε
541 521 783 559 remediorum
821 521 1026 560 immediate
1067 524 1104 559 in
1131 522 1339 571 sanguinem
1377 523 1563 563 missorum
1597 527 1842 563 innocentiam
1873 539 1913 565 ea

321 592 405 618 cuni
436 580 651 620 certitudine
677 588 884 624 teneamus,
919 593 998 630 quae
1029 583 1066 618 in
1094 593 1131 618 re
1165 581 1248 620 seria
1283 584 1464 633 vitamque
1500 585 1709 622 mortalium
1742 591 1914 633 tangente

318 642 521 689 requiritur.
586 640 703 677 Multa
728 642 823 677 enim
843 641 975 689 absque
996 641 1234 678 incommodo
1261 643 1462 680 ventriculo
1488 643 1698 687 traduntur,
1734 656 1813 693 quae
1837 655 1914 682 non

320 701 453 748 absque
482 700 638 747 pernicie
666 699 827 747 sanguini
863 699 1063 737 miscentur.
1145 698 1284 738 Verum
1330 701 1504 739 suffecerit
1545 715 1607 751 per
1638 703 1714 741 haec
1756 702 1914 753 pericula

320 757 506 795 ostendisse
525 787 533 801 ,
571 760 641 794 vim
674 758 973 807 pharmacorum,
998 759 1161 807 adeoque
1183 758 1391 808 sanguinem
1414 761 1585 799 venosum
1600 790 1610 804 ‚
1643 774 1716 811 quo
1738 760 1797 799 illa
1816 762 1914 799 vehi-

319 824 399 859 tur,
433 819 476 854 ab
502 819 604 855 omni
627 819 790 866 corporis
829 819 973 855 animati
1005 830 1093 855 vena
1122 818 1166 855 ad
1200 831 1290 862 cor,
1325 820 1361 856 &
1385 819 1468 856 inde
1496 820 1538 857 ad
1566 827 1680 857 totam
1715 821 1912 860 humorum

320 875 483 920 niallam,
518 877 646 915 viscera
665 878 807 920 onmia,
841 879 1035 928 omniaque
1063 879 1135 926 ejus
1164 879 1326 927 corporis
1350 878 1425 917 vasa
1444 878 1476 916 se
1505 878 1713 918 diffudisse,-

681 989 712 1031 ἓ.
746 984 788 1023 Χ
805 985 850 1023 V.
924 983 1110 1034 Tramfusi
1148 985 1339 1035 sanguinis
1365 985 1535 1034 Historia.

412 1081 634 1119 Manifestius
672 1088 791 1118 tamen
821 1093 839 1118 a
865 1078 1043 1128 sanguinis
1074 1078 1303 1128 transfufione
1326 1093 1393 1131 pro
1418 1081 1597 1131 sanguinis
1623 1081 1776 1122 circuitu
1808 1088 1916 1134 arguu‘

319 1149 483 1180 mentum
510 1142 651 1190 petitur.
729 1140 872 1189 Nempe
896 1132 1019 1176 in⁰his
1050 1140 1303 1188 experimentis
1336 1142 1485 1184 animal,
1515 1149 1577 1180 aut
1612 1141 1756 1186 sanum,
1792 1146 1914 1181 autin

319 1202 498 1251 plerisque
525 1201 657 1237 morbo
702 1199 823 1248 aliquo
865 1198 1069 1242 adfectum,
1109 1199 1279 1247 sanguine
1313 1212 1377 1249 per
1404 1201 1549 1260 incffiam
1582 1214 1707 1240 venam
1747 1203 1915 1241 effluente

318 1273 411 1310 pene
446 1268 566 1297 totum
605 1260 785 1301 inanitur,
821 1266 859 1296 ut
888 1261 1020 1295 arteriae
1062 1270 1233 1307 venaeque
1267 1259 1428 1309 undique
1461 1268 1701 1299 evacuentur:
1738 1263 1784 1299 ita
1815 1263 1913 1299 enim

318 1318 454 1356 neceffe
483 1320 550 1361 est,
577 1326 615 1356 ut
639 1317 787 1367 spatium
805 1329 904 1355 novo
932 1313 1093 1364 sanguini
1119 1324 1281 1366 paretur,
1316 1330 1433 1368 neque
1451 1319 1612 1368 plethora
1637 1318 1713 1372 [e]
1737 1332 1801 1370 per
1818 1327 1914 1358 certa

319 1378 484 1427 exempla
517 1378 652 1415 funesta
676 1377 873 1415 inducatur.
939 1375 1084 1414 Deinde
1113 1376 1212 1414 alteri
1245 1378 1412 1421 animali,
1445 1380 1549 1416 etiam
1588 1379 1729 1416 alterius
1758 1381 1911 1428 generis,

317 1437 476 1488 aperitur
505 1438 649 1481 arteria,
683 1448 926 1485 quaecunque,
956 1437 991 1472 &
1019 1447 1081 1484 per
1111 1436 1217 1473 tubos
1242 1436 1501 1474 consentientes
1526 1436 1664 1486 sanguis
1696 1449 1740 1474 ex
1759 1451 1797 1476 ea
1824 1445 1914 1477 arte-

318 1500 368 1535 ria
395 1499 433 1534 in
459 1509 585 1533 venam
607 1497 755 1545 prioris,
796 1497 832 1532 &
851 1495 1035 1543 exstinguis
1059 1495 1174 1532 bestiae
1201 1495 1410 1534 traducitur.
1473 1496 1524 1535 Ita
1547 1496 1653 1545 hujus
1680 1496 1827 1547 quidem
1839 1498 1914 1535 ani-

318 1552 419 1594 malis
446 1568 573 1593 omnes
612 1557 746 1592 arteriae
775 1566 944 1604 venaeque
973 1562 1284 1614 omnes·recepto
1314 1553 1485 1604 sanguine
1522 1556 1683 1594 celeriter
1717 1556 1911 1605 replentur,

320 1617 356 1653 ἃ
384 1616 549 1665 pristinus
578 1614 640 1664 ipli
669 1616 773 1663 vigor
797 1614 917 1656 redit,
955 1626 1071 1663 neque
1101 1614 1243 1662 penitus
1272 1626 1458 1664 nunquam
1499 1613 1621 1654 morbi
1655 1615 1764 1664 aliqui
1792 1627 1913 1653 emen-

321 1676 471 1717 dantur,
505 1687 549 1711 ex
575 1673 703 1723 quibus
732 1673 934 1730 languebat.
979 1672 1028 1710 Ita
1041 1680 1135 1710 certe
1162 1674 1360 1717 evincitur,
1396 1686 1440 1711 ex
1457 1686 1496 1712 ea
1521 1686 1633 1716 vena,
1665 1673 1913 1723 quae'sangui-

320 1746 404 1771 nem
434 1746 496 1782 per
519 1734 702 1770 traducem
730 1734 874 1782 recipit,
908 1731 1064 1770 naturale
1096 1730 1273 1780 sanguinis
1301 1732 1367 1770 iter
1392 1745 1467 1771 non
1497 1732 1540 1771 ad
1561 1740 1706 1774 totum,
1741 1745 1849 1782 quem
1875 1746 1914 1772 ea

320 1805 410 1830 vena
440 1792 534 1835 adit,
562 1792 619 1828 sed
642 1791 685 1828 ad
721 1803 784 1828 cor
805 1793 978 1834 omnino,
1006 1791 1042 1827 ὃς
1072 1790 1155 1827 inde
1187 1791 1230 1829 ad
1259 1798 1379 1830 totum
1416 1792 1576 1830 animalis
1606 1804 1737 1840 corpus
1768 1792 1910 1835 ducere,

321 1861 361 1890 ut
388 1852 535 1901 perinde
564 1843 688 1887 omne⁰s
720 1849 793 1899 ejus
817 1851 951 1888 arteriae
975 1851 1120 1886 &venae
1136 1849 1359 1898 repleantur,
1382 1853 1435 1889 uti
1462 1864 1510 1889 eae
1530 1863 1594 1900 per
1617 1850 1762 1888 incisam
1784 1862 1912 1889 venam

323 1913 464 1950 inanitae
491 1910 640 1948 fuerant.

1794 1967 1914 2018 Hujus

363 2107 375 2142 (
395 2107 442 2143 d)
469 2104 491 2136 E
504 2115 522 2134 T
536 2113 556 2133 τ
573 2116 594 2134 M
609 2114 629 2134 υ
645 2115 661 2133 ι
677 2115 694 2133 ι
709 2113 723 2134 ιι
739 2114 755 2133 a
773 2114 793 2133 u
808 2114 819 2134 s
848 2103 944 2134 suadet
966 2102 1118 2133 infundere
1152 2102 1326 2140 sudorifera,
1352 2104 1449 2142 opiata
1469 2105 1523 2135 Sco.
1558 2105 1586 2135 &
1620 2108 1729 2134 tentare
1757 2102 1831 2133 hanc
1855 2112 1913 2133 me-

324 2148 411 2177 tleutli
438 2147 512 2175 viam
532 2146 692 2185 in‚n101bis
714 2152 763 2175 aut
786 2145 917 2175 maximis
931 2168 938 2180 ‚
972 2146 998 2175 ἃ
1020 2143 1202 2181 acutissimis,
1227 2152 1258 2175 ut
1279 2146 1309 2174 in
1326 2145 1496 2185 apoplexia,
1524 2144 1777 2179 convullionibus,
1801 2150 1850 2174 aut
1871 2151 1915 2174 to-

323 2194 381 2217 tam
404 2188 556 2217 humorum
576 2186 689 2216 maffam
707 2187 954 2222 corrumpentibus
967 2208 975 2221 ,
1000 2193 1031 2215 ut
1047 2186 1074 2214 in
1092 2184 1244 2221 scorbum,
1269 2185 1315 2216 lue
1333 2196 1454 2217 venerea
1466 2203 1475 2218 ,
1497 2186 1585 2216 ἰᾶεῑό
1599 2208 1607 2222 ,
1631 2185 1756 2215 febribus
1773 2185 1912 2222 malignis.

365 2229 423 2263 (e)
454 2228 486 2257 In
512 2226 620 2262 vulpe,
653 2229 679 2257 ἃ
712 2228 739 2256 in
764 2237 818 2256 ove
839 2227 913 2256 varia
935 2225 1119 2256 incommoda
1141 2236 1175 2256 ex
1200 2227 1286 2256 nimia
1322 2227 1404 2262 copia
1427 2226 1529 2256 inmissi
1556 2226 1697 2264 sanguinis
1722 2225 1814 2255 secuta
1839 2224 1913 2256 sunt.

323 2268 361 2299 Et
383 2269 458 2297 illam
489 2268 605 2304 quidem
631 2277 709 2297 venae
732 2267 816 2297 sedtio
837 2267 945 2297 sanavit
970 2268 1046 2303 apud
1072 2266 1092 2295 Β
1111 2277 1121 2295 1
1142 2277 1160 2296 ι
1178 2276 1196 2297 c
1213 2277 1233 2296 H
1250 2278 1259 2296 1
1274 2275 1334 2296 um
1361 2267 1378 2296 l.
1406 2277 1429 2297 c.
1455 2266 1490 2297 T.
1517 2267 1551 2297 ll.
1579 2274 1607 2303 p.
1642 2276 1709 2305 179.
1738 2267 1787 2295 ista
1805 2265 1914 2296 inflam-

325 2310 407 2338 matis
435 2308 571 2337 intestinis
590 2309 672 2343 periit
694 2309 762 2337 ibid.
784 2316 812 2344 p.
835 2318 900 2343 190.
932 2319 995 2345 191.
1027 2308 1074 2338 Sic
1096 2307 1126 2336 in
1153 2307 1241 2337 Gallia
1263 2309 1366 2338 miclus
1393 2307 1562 2346 sanguineus
1588 2309 1615 2338 ἃ
1644 2307 1784 2338 viscerum
1804 2306 1915 2337 inflam-

325 2350 464 2378 mationes
481 2370 488 2383 ,
515 2349 581 2377 inde
599 2348 788 2378 successerunt
809 2349 879 2378 Phil.
902 2346 1006 2387 Trans:
1026 2358 1052 2378 n.
1074 2353 1120 2381 28.
1144 2355 1188 2383 32.
1217 2349 1366 2378 Ri‘azione
1379 2349 1449 2378 della
1474 2346 1659 2386 transfifione
1679 2354 1706 2384 p.
1734 2346 1780 2385 36.
1809 2356 1854 2385 37.
1884 2348 1914 2377 Ge

325 2390 436 2427 sanguis
463 2390 489 2418 in
513 2389 656 2419 abdomen
676 2389 776 2419 effusus
800 2390 817 2419 S
833 2401 852 2419 A
868 2399 888 2418 N
903 2399 923 2418 T
938 2401 948 2418 ι
962 2399 983 2418 N
998 2400 1012 2419 u
1027 2400 1044 2418 L
1061 2400 1077 2417 L
1093 2399 1103 2417 1
1131 2395 1157 2425 p.
1186 2399 1231 2426 25.
1258 2391 1285 2421 δι
1311 2395 1417 2420 mortes
1446 2389 1610 2420 animalium
1632 2389 1699 2419 inde
1719 2387 1821 2418 secutae
1850 2386 1914 2416 sunt

325 2428 361 2459 G.
390 2431 424 2459 de
454 2430 476 2459 G
493 2439 514 2459 υ
533 2440 549 2458 R
568 2439 586 2458 Y
603 2440 616 2458 r.
632 2439 644 2459 s
673 2430 708 2459 de
751 2430 780 2460 M
798 2441 814 2459 ο
830 2440 850 2459 N
863 2439 886 2460 τ
901 2441 916 2459 12
934 2440 951 2460 o
967 2441 982 2458 L
997 2441 1014 2459 ι
1030 2441 1040 2458 1
1080 2429 1109 2458 in
1137 2430 1230 2461 lettres
1254 2431 1396 2463 touchant
1416 2431 1446 2464 la
1466 2428 1637 2471 transfzfion
1660 2428 1735 2462 Paris
1767 2431 1855 2465 1668·
1880 2435 1910 2463 4·

326 2470 347 2500 L
365 2481 384 2500 ,ι
400 2482 422 2501 Μ
442 2480 461 2500 r
481 2468 599 2510 Ji'conde
625 2472 707 2501 lettre
720 2481 747 2509 *a
773 2470 910 2507 stirme>
924 2481 942 2501 ι
956 2481 1032 2502 nau
1061 2476 1088 2507 Ρ.
1110 2479 1135 2509 3.

1014 2608 1045 2629 ἰβ
