2003 2748
355 160 431 199 363
717 149 1172 189 ⁷·LIB.‘IV.
1240 149 1420 190 CORj

345 261 431 287 nem
452 249 665 296 acciperent.
703 244 848 295 Nempe
863 247 902 283 in
921 258 960 283 ea
981 244 1171 295 hypothess
1185 275 1195 289 ,
1231 258 1340 296 quam
1355 244 1615 289 convellimus,
1642 244 1782 294 sanguis
1803 258 1847 283 ex
1866 247 1948 284 cor-¹

347 309 393 346 de
419 307 605 357 prodeuns
627 305 784 343 valvulas
813 305 1041 343 semilunares
1069 314 1195 343 contra
1224 313 1332 344 aortae
1357 307 1531 355 parietem
1559 305 1803 354 adprimeret,
1859 306 1947 343 ostia

344 368 553 405 arteriarum
581 365 787 407 clauderet,
826 364 873 402 de
897 366 1027 414 quibus
1054 365 1170 402 sermo
1200 365 1249 403 est
1267 394 1276 408 ,
1318 377 1375 402 eas
1400 365 1624 414 praeteriret,
1662 365 1698 401 &
1715 363 1874 413 reliquos
1891 377 1946 402 re-

343 426 458 476 pleret
480 433 588 463 aortae
608 437 740 463 ramos.
773 424 825 462 Ita
851 424 974 467 fieret,
1014 425 1116 475 quod
1141 426 1297 463 omnino
1323 424 1374 462 Ill.
1404 425 1471 462 viri
1502 422 1597 471 (a)
1625 422 1702 460 fieri
1726 422 1942 466 voluerunt,

346 492 388 524 ut
410 487 545 522 arteriae
567 485 687 522 cordis
711 497 788 521 non
814 496 859 521 ex
882 485 1084 522 ventriculo
1115 483 1252 522 finistro
1269 513 1279 528 ,
1316 483 1375 520 sed
1396 496 1442 521 ex
1465 492 1564 521 aorta
1587 482 1841 531 retrogradum
1869 482 1945 520 san-

347 546 500 594 guinem
521 546 722 594 accipiant,
764 544 799 581 &
826 544 917 582 adeo
943 543 1115 593 pulsent,
1152 551 1212 582 aut
1243 542 1411 594 percuffae
1437 543 1602 580 altiorem
1619 542 1804 591 sanguinis
1821 542 1946 580 saltum

348 604 479 647 edant,
517 616 593 653 quo
619 612 785 653 tempore
810 611 908 641 aorta
938 603 1162 641 contrahitur
1179 632 1187 646 ,
1224 615 1289 641 cor
1317 615 1405 640 vero
1432 602 1607 640 dilatatur.

407 664 519 702 Nunc
539 663 673 701 horum
695 665 864 700 omnium
891 665 1069 700 contraria
1087 662 1176 700 fiunt
1193 691 1202 705 ,
1239 663 1274 699 ἅ
1298 663 1418 710 primo
1434 690 1443 704 ,
1485 661 1511 698 fi
1532 663 1570 698 iu
1600 673 1730 699 venam
1758 660 1945 699 umbilica-

347 723 421 761 lem
446 723 539 760 fetus
562 722 687 761 sebum
708 722 895 772 Impuleris
912 751 921 765 ,
962 729 1001 760 ut
1017 722 1105 772 saepe
1133 724 1170 758 in
1194 721 1270 759 fetu
1294 722 1329 758 &
1356 721 1507 758 homine
1518 733 1634 770 nuper
1658 729 1743 759 nato
1765 720 1941 763 solebam,
1998 745 2003 752 »

348 785 475 832 utique
498 782 718 820 ventriculus
740 781 873 818 sinister
896 782 1054 830 repletur
1074 810 1083 824 ,
1133 782 1169 819 &
1190 793 1260 819 una
1288 782 1485 818 coronariae
1511 781 1645 817 arteriae
1666 809 1674 823 ,
1721 792 1806 830 quas
1833 779 1945 817 nullae

349 843 498 880 valvulae
525 843 715 890 obtegunt.
749 840 918 884 Deinde,
945 841 970 878 si
991 843 1028 878 in
1054 843 1138 878 vivo
1155 839 1306 878 animale
1330 840 1490 878 salientes
1512 841 1653 877 arterias
1680 846 1841 878 accurate
1857 850 1948 876 con-

348 902 540 951 templatus
561 902 670 938 fueris
687 930 696 944 ,
735 901 924 938 manifesto
958 901 1095 938 videbis
1111 929 1120 942 ,
1163 912 1290 938 omnes
1316 912 1386 938 una
1402 928 1411 942 ,
1451 900 1486 936 ἃ
1516 899 1660 948 paribus
1687 898 1914 948 temporibus
1931 926 1943 940 ,

347 969 527 1004 aortam„
547 970 656 1010 atque
686 960 884 998 carotidem
903 989 912 1002 ,
954 961 992 996 in
1017 959 1188 1008 exemplo
1207 988 1216 1002 ,
1260 960 1296 996 &
1328 960 1532 997 coronarias
1563 958 1660 995 salire
1694 958 1794 1006 (h).
1831 956 1948 995 Deni-

350 1033 420 1070 que
447 1020 472 1057 fi
494 1022 532 1058 in
556 1020 709 1070 spirante
733 1020 840 1057 bestia
864 1021 1027 1056 arteriam
1050 1019 1206 1068 aliquam
1230 1019 1350 1056 cordis
1372 1018 1533 1056 lanceola
1555 1016 1783 1067 percusseris,
1814 1018 1946 1055 iterum

350 1080 481 1129 absque
507 1080 582 1118 ullo
620 1079 733 1117 dubio
765 1079 902 1115 videbis
921 1107 927 1120 ,
968 1085 1006 1116 ut
1037 1090 1108 1126 ego
1131 1077 1219 1126 saepe
1254 1078 1327 1115 vidi
1350 1079 1432 1126 (c)
1452 1106 1461 1120 ,
1497 1077 1628 1127 aliique
1645 1084 1726 1115 ante
1744 1088 1801 1114 me
1818 1075 1871 1114 Ill.
1894 1078 1946 1113 vi-

348 1141 379 1177 ri
401 1139 510 1186 (d),
536 1139 660 1180 altius,
692 1139 727 1175 ἃ
751 1150 835 1175 cum
860 1140 997 1186 impetu
1013 1166 1022 1180 ,
1048 1137 1259 1186 sanguinem
1284 1137 1328 1174 de
1350 1149 1394 1175 eo
1418 1137 1566 1175 vulnere
1583 1135 1738 1174 subsilire
1753 1166 1762 1179 ‚
1795 1135 1949 1185 quando

351 1211 415 1237 cor
436 1199 660 1236 contrahitur
675 1226 684 1241 ,
722 1197 880 1234 molliter
904 1209 991 1234 vero
1016 1197 1157 1239 delabi,
1192 1200 1335 1246 quoties
1352 1209 1416 1234 cor
1432 1196 1465 1233 se
1482 1195 1639 1239 remisit,
1675 1197 1709 1233 ἃ
1733 1203 1829 1233 aorta
1845 1206 1947 1241 nunc

349 1258 508 1295 arclatur.
546 1257 704 1299 Addito,
734 1269 812 1294 non
841 1256 902 1293 abs
920 1268 982 1298 re,
1020 1257 1175 1293 omnino
1191 1268 1268 1293 non
1284 1255 1350 1292 effe
1377 1249 1722 1292 contradae'arteriae
1739 1267 1817 1292 eam
1845 1255 1918 1291 vim
1931 1255 1949 1295 ‚'

351 1318 509 1366 eumque
532 1318 711 1366 impetum
732 1344 741 1359 ,
777 1327 852 1364 quo
871 1322 996 1353 natura
1023 1314 1234 1364 sanguinem
1254 1316 1293 1351 in
1314 1327 1432 1352 ramos
1456 1316 1606 1351 conicos
1629 1314 1831 1363 propellere
1846 1312 1942 1350 velit.

409 1376 487 1422 Qui
513 1383 640 1413 contra
673 1387 719 1412 ex
741 1374 963 1412 valvularum
995 1373 1142 1412 finubus
1167 1385 1223 1410 eas
1251 1376 1392 1411 arterias
1422 1374 1533 1415 oriri,
1578 1384 1670 1421 aque
1705 1385 1827 1411 earum
1857 1372 1946 1410 velis

350 1437 484 1486 operiri
517 1434 729 1484 scripserunt
744 1463 752 1476 ‚
790 1446 910 1483 neque
939 1435 1045 1483 pauci
1073 1441 1242 1470 caeterum
1265 1461 1274 1475 ,
1313 1445 1433 1482 neque
1453 1431 1714 1470 contemnendi
1737 1434 1803 1469 viri
1829 1432 1848 1481 (
1861 1429 1916 1480 f)
1931 1459 1942 1474 ‚

349 1495 459 1544 aliqui
486 1496 593 1532 etiarn
618 1494 773 1544 propriis
791 1495 1048 1542 experimentis
1072 1493 1241 1530 contrarii
1259 1494 1313 1540 (g
1329 1493 1347 1540 )
1364 1521 1372 1535 ,
1413 1503 1541 1529 eorum
1555 1491 1702 1541 plurimi
1729 1488 1947 1542 hypothefin

348 1555 552 1592 habuerunt
573 1582 581 1596 ,
618 1566 728 1603 quam
755 1560 933 1590 ornarent.
971 1552 1200 1601 Receperunt
1227 1553 1325 1589 enim
1353 1552 1474 1590 corin
1502 1550 1747 1589 contraffione
1777 1548 1947 1601 expalles-

349 1626 430 1651 cere
444 1642 453 1656 ‚
486 1613 546 1651 sed
574 1613 610 1649 id
637 1614 792 1650 omnino
812 1612 981 1649 videbant
1003 1611 1127 1649 locum
1151 1623 1228 1649 non
1253 1610 1351 1660 posse
1372 1611 1502 1648 habere
1516 1639 1526 1654 ,
1564 1609 1589 1647 fi
1612 1612 1650 1647 in
1671 1622 1710 1647 ea
1730 1609 1950 1648 contrastio-

349 1685 395 1711 ne
416 1685 479 1711 cor
506 1672 718 1722 sanguinem
745 1673 782 1709 in
808 1671 884 1710 suas
913 1672 1055 1710 arterias
1081 1672 1283 1721 acciperet,
1328 1682 1347 1708 a
1368 1670 1539 1719 sanguine
1564 1671 1662 1708 enim
1685 1669 1858 1708 ruborem
1884 1667 1947 1705 ha-

1870 1728 1942 1765 bet.

389 1829 402 1865 (
420 1840 438 1858 a
455 1830 468 1866 )
490 1828 525 1858 R.
549 1827 573 1856 V
587 1838 595 1856 1
610 1837 624 1856 ε
637 1836 656 1856 υ
669 1837 681 1856 s
692 1836 704 1856 s
719 1837 733 1856 E
747 1836 768 1856 N
782 1837 794 1856 s
817 1827 904 1857 truite
926 1830 967 1857 du
983 1838 1056 1857 cceur
1083 1839 1100 1866 p
1135 1831 1183 1863 76.
1211 1827 1385 1865 christianus
1406 1827 1424 1856 S
1439 1835 1462 1856 Τ
1475 1836 1491 1855 a
1506 1836 1523 1855 o
1539 1836 1555 1855 Ε
1571 1837 1592 1854 M
1616 1826 1644 1854 in
1670 1835 1743 1853 nova
1760 1823 1868 1852 theoria
1884 1831 1946 1851 ma<

348 1871 435 1900 chinae
468 1869 601 1898 animalis
634 1877 662 1905 p.
702 1873 744 1905 38.
792 1867 817 1903 J.
849 1869 906 1898 Ad.
943 1868 969 1897 T
983 1878 1003 1897 H
1018 1878 1086 1897 ssi:
1103 1877 1114 1896 s
1129 1878 1137 1896 1
1154 1878 1173 1896 υ
1187 1877 1198 1897 s
1222 1869 1255 1895 de
1272 1868 1375 1896 circulo
1389 1865 1543 1904 sanguinis
1566 1867 1599 1893 in
1623 1866 1704 1894 corde
1735 1874 1762 1902 p.
1795 1872 1841 1893 20.
1865 1864 1944 1899 Herq

348 1921 473 1941 mannus
502 1910 521 1940 B
534 1918 553 1938 o
566 1919 582 1938 ε
595 1919 612 1938 R
629 1918 648 1938 H
665 1918 683 1938 Α
700 1918 718 1937 Α
731 1915 750 1934 V
764 1918 778 1937 ε
805 1908 868 1946 ΙηΙιῑ,
893 1911 934 1937 rei
957 1909 1028 1937 med.
1056 1918 1083 1937 n.
1112 1914 1176 1944 ¹83-
1211 1909 1265 1938 ἃς.

390 1952 438 1988 (b
456 1953 468 1988 )
489 1949 573 1981 Vidit
596 1950 680 1979 etiam
708 1948 723 1984 J
756 1949 798 1978 M.
820 1949 872 1978 LA
889 1959 909 1978 N
926 1957 1072 1979 cimus
1098 1948 1114 1978 1.
1144 1959 1168 1979 c.
1198 1959 1223 1986 p.
1261 1951 1307 1984 65.
1333 1947 1378 1978 ed.
1403 1946 1457 1976 fol.
1488 1947 1525 1976 ἃ.
1552 1945 1594 1976 Cl.
1623 1945 1741 1975 STAR
1757 1953 1803 1974 ΚΕ
1830 1944 1862 1973 de
1883 1943 1945 1973 reli-

350 1995 414 2032 quis
441 1991 637 2031 instrumentis
657 1991 760 2028 quihus
771 1987 892 2028 sanguis
910 1991 942 2019 in
964 1991 1103 2018 circulum
1130 1990 1233 2027 agitur.

391 2033 434 2069 (c
455 2035 466 2070 )
489 2032 596 2062 Second
615 2032 759 2062 Menwire
774 2028 830 2068 fitr
853 2032 887 2059 les
908 2032 1015 2068 parties
1029 2028 1157 2068 finfilyles
1180 2029 1218 2066 {9⁹
1245 2029 1388 2058 irritahles
1407 2030 1476 2064 Exp.
1505 2036 1570 2063 502.
1598 2035 1662 2063 542.
1692 2033 1758 2063 543.
1787 2034 1854 2064 544.

391 2075 470 2110 (d)
493 2071 550 2111 Jos
578 2073 735 2108 Exuperius
758 2071 928 2101 BszN
953 2071 982 2101 in
1010 2071 1079 2101 thesi
1102 2071 1204 2101 Parisiis
1227 2080 1241 2099 a
1273 2079 1356 2107 1740.
1379 2067 1542 2107 proposita,
1574 2069 1599 2097 &
1623 2067 1651 2096 in
1676 2077 1745 2096 rneae
1765 2065 1946 2096 coilefflonis

349 2115 384 2146 T.
408 2115 442 2144 ll.
471 2113 584 2148 recusa,
610 2113 654 2143 cui
679 2112 776 2142 titulus
797 2122 804 2141 ε
832 2114 901 2150 Ergo
924 2111 1006 2151 cazgfa
1023 2118 1116 2140 motus
1132 2112 1237 2141 alterni
1258 2112 1348 2139 cordis
1372 2110 1529 2146 multiplex.
1552 2109 1675 2145 „lacobus
1700 2108 1861 2137 Theodorus
1882 2106 1945 2136 BA„

351 2166 368 2185 Ji
385 2166 402 2186 0
419 2165 438 2184 N
459 2155 487 2184 in
506 2154 574 2184 thesi
597 2164 612 2183 a
639 2163 723 2191 1743.
751 2154 779 2182 in
793 2152 853 2183 haec
871 2153 956 2183 verba
972 2152 1085 2183 defensa
1099 2175 1107 2189 ‚
1134 2153 1159 2182 &
1180 2154 1284 2190 puriter
1304 2162 1318 2180 a
1337 2151 1416 2180 nobis
1442 2149 1557 2184 recusa,
1584 2151 1655 2185 &go
1676 2149 1744 2176 dum
1764 2147 1945 2176 contrahitur

351 2206 398 2225 cor
418 2196 580 2224 dilatantur
600 2195 708 2223 arteria»
733 2196 890 2224 coronaria.
923 2194 993 2224 clar.
1023 2193 1043 2224 E
1059 2202 1078 2223 N
1091 2203 1102 2224 s
1128 2195 1161 2224 de
1185 2190 1269 2233 cmgs'a
1289 2198 1398 2222 motum
1420 2192 1510 2221 cordis
1528 2190 1671 2220 alterumn
1690 2189 1880 2225 producente,
1913 2187 1945 2216 in

351 2237 449 2266 eadem
474 2235 643 2265 collectione
671 2234 893 2272 disputationum
916 2234 1018 2265 recusa.

392 2279 434 2311 (e
456 2277 468 2312 )
492 2276 518 2305 L.
540 2275 573 2305 ll.
595 2286 620 2312 p.
637 2285 684 2312 70.
702 2274 778 2314 seqq.

393 2316 471 2353 (f)
493 2316 506 2352 J
542 2316 593 2345 Fa
610 2325 630 2344 N
647 2324 785 2346 TONUS
807 2316 821 2346 l.
849 2327 871 2347 c.
900 2327 928 2354 p.
954 2317 1018 2353 306-
1046 2317 1232 2348 Abrahamus
1254 2315 1279 2347 1<
1298 2326 1313 2345 Α
1331 2324 1386 2345 Αυ
1404 2325 1427 2345 w
1451 2314 1720 2345 Bonnmmss
1747 2314 1780 2342 sle
1798 2309 1944 2350 pevspirat·

351 2368 369 2387 n
405 2361 471 2393 637.
497 2362 564 2393 758.
587 2356 661 2392 Jos.
689 2356 919 2387 Lam-auo
946 2355 1031 2396 cffiiys
1052 2364 1131 2388 anat.
1156 2368 1182 2396 p.
1207 2366 1273 2394 ²34-
1298 2356 1369 2386 Gir.
1387 2366 1403 2385 a
1422 2366 1432 2384 ι
1447 2365 1498 2384 Nc
1522 2356 1552 2385 in
1565 2353 1647 2394 fide&
1666 2352 1838 2392 francoftcrt.
1861 2354 1943 2387 Tonh,

352 2396 406 2429 lv.
439 2399 519 2427 Part.
549 2407 571 2426 x.
606 2398 632 2426 ἃ
655 2397 683 2425 in
711 2406 784 2434 equo
802 2398 843 2427 Cl.
873 2398 894 2428 B
907 2408 923 2427 o
936 2408 955 2427 υ
972 2408 989 2427 ι
1005 2409 1023 2428 c
1038 2409 1051 2429 u
1067 2409 1087 2430 1.
1103 2408 1156 2430 ΛΤ
1185 2396 1372 2437 ὸὶρρίιιῑνίριισ
1400 2396 1487 2429 Tom.
1511 2395 1546 2430 11.
1577 2396 1607 2436 P„
1623 2396 1659 2427 11.
1688 2405 1715 2431 p.
1734 2403 1803 2435 449.
1953 2398 1958 2403 “

395 2437 467 2478 (g)
492 2437 533 2468 ld.
564 2437 873 2470 SANToalNUS
900 2448 927 2476 p.
964 2448 1030 2477 150.
