2003 2748
395 144 1338 188 SECTLVELAMENTA.
1570 148 1646 180 261

75 244 175 283 distat
191 273 199 287 ‚
234 245 270 281 δι
294 243 462 293 thymum
485 244 523 279 in
543 242 769 281 intervallum
789 244 925 291 recipit.
960 240 1050 280 Inde
1074 240 1302 279 dextrorsum
1327 239 1371 277 ad
1389 236 1552 276 medium
1569 236 1653 275 ster-

76 317 166 341 num
189 303 366 345 declinat,
403 302 519 350 adque
539 303 680 339 tertiam
701 301 774 337 fere
799 301 933 337 costam
954 313 1000 337 ex
1017 313 1060 337 eo
1080 299 1150 337 offe
1169 301 1363 349 provenit,
1396 298 1538 347 quoties
1565 296 1653 334 dex-

76 370 129 400 tra
144 363 272 400 lamina
287 374 305 399 a
317 361 450 398 dextris
462 360 727 408 cartilaginibus
740 359 929 396 descendit.
967 359 1075 396 Tunc
1086 371 1170 397 cum
1189 359 1333 408 thymus
1351 363 1411 396 aut
1427 368 1466 393 ea
1485 355 1565 392 sede
1584 363 1654 393 ter-

76 424 254 464 minetur,
282 428 446 458 autcerte
456 418 678 467 gracilescat,
704 420 834 455 iterum
848 419 961 466 magis
972 417 1205 455 sinistrorsum
1229 418 1354 454 eadem
1376 416 1505 453 lamina
1518 415 1653 452 recedit

76 480 93 530 (
108 488 135 528 p
151 482 190 527 ),
230 488 335 528 atque
355 480 392 515 in
411 479 534 527 quinta
561 477 656 514 costa
678 477 720 513 ab
742 478 816 523 ejus
840 477 1065 524 cartilaginea
1093 476 1172 513 sede
1197 484 1319 513 ortum
1345 475 1453 513 ducit.
1490 474 1582 511 Alias
1603 481 1656 512 ta-

76 552 162 578 men
185 538 308 575 eadem
333 537 463 573 lamina
492 536 609 573 multo
630 535 818 572 sinisterius
844 548 862 572 a
879 535 1145 583 cartilaginibus
1161 534 1375 572 finistrarum
1393 533 1570 571 costarum
1592 546 1654 572 na-

77 605 110 635 ta
129 598 196 639 est.
229 597 264 633 8(-
281 597 371 633 retra
384 594 583 637 descendit,
617 606 701 632 cum
720 595 843 631 dextra
856 594 986 632 lamina
1000 593 1070 631 sola
1095 593 1328 632 sinistrorsum
1354 593 1547 630 declinaret
1565 594 1581 638 (
1593 594 1650 639 q).

135 656 227 693 Alias
241 654 385 693 'sinistra
404 654 534 691 lamina
558 655 713 691 exterius
732 654 879 703 quidem
900 666 918 690 a
948 653 1154 701 cartilagine
1176 654 1281 690 costae
1306 652 1446 689 sinistrae
1472 659 1551 688 nata
1577 651 1625 688 est
1640 679 1650 693 ,

74 715 161 754 hinc
180 713 372 751 introrsum
402 713 584 750 descendit
599 742 609 757 ‚
646 720 742 749 trans
767 715 932 749 arteriam
956 713 1171 750 subclaviam
1187 712 1357 749 sinistram
1373 740 1381 754 ‚
1417 711 1461 748 ad
1482 710 1654 759 pollicem

74 775 118 812 ab
145 775 220 821 ejus
245 773 379 810 arteriae
402 773 568 819 origine,
606 771 769 821 transque
794 772 992 809 carotidem
1010 773 1085 819 ejus
1106 772 1223 809 lateris
1240 800 1248 813 ,
1294 772 1331 808 δι
1353 778 1448 808 trans
1475 778 1582 806 aortae
1601 782 1655 806 ar-

75 844 169 871 cum.
204 831 256 869 Ita
277 831 322 868 ad
342 831 533 868 secundam
554 831 689 869 costam
712 832 834 873 venit,
876 831 993 879 adque
1020 843 1098 868 eam
1114 859 1123 873 ,
1159 831 1196 867 ἅ
1226 831 1367 867 tertiam
1395 830 1430 865 ἃ.
1460 837 1622 876 quartam
1640 857 1650 871 ,

75 904 95 929 a
120 892 225 928 sterni
250 902 334 928 cum
355 889 620 938 cartilaginibus
642 889 803 927 confinio
825 899 904 928 nata
927 890 986 926 est.
1022 889 1052 927 A
1073 896 1197 938 quarta
1214 888 1417 926 extrorsum
1438 886 1651 929 declinavit,

77 951 114 987 &
138 952 251 997 magis
280 962 299 986 a
328 949 595 996 cartilaginibus
617 950 815 999 provenit,
849 948 893 986 ad
921 948 1057 985 sextam
1087 948 1222 997 usque,
1267 960 1338 997 qua
1360 947 1441 985 sede
1470 946 1590 983 cordis
1620 958 1656 983 e-

73 1016 126 1049 tat
156 1020 295 1047 mucro.

135 1067 230 1105 Finis
242 1067 389 1104 inferior
402 1066 601 1103 mediastini
611 1066 655 1103 ad
667 1067 830 1116 quintam
845 1066 1024 1104 sextamve
1041 1066 1175 1104 costam
1196 1067 1232 1102 in
1252 1066 1350 1116 septo
1363 1064 1557 1103 transverso
1578 1065 1625 1101 est
1642 1092 1652 1106 ,

76 1134 117 1165 ut
129 1139 211 1163 cum
224 1126 345 1175 pleura
368 1137 451 1162 eum
477 1125 679 1163 musculum
695 1125 940 1163 convestiente
957 1125 1125 1163 confluat.
1162 1124 1305 1165 Sinistra
1326 1126 1458 1162 lamina
1485 1125 1529 1161 ad
1561 1136 1657 1160 eam-

77 1186 158 1222 dem
187 1185 457 1232 cartilaginem,
498 1196 567 1233 qua
595 1196 680 1221 cum
710 1182 781 1220 offe
812 1186 984 1222 convenit
1005 1212 1014 1226 ,
1050 1184 1169 1222 cordis
1200 1185 1368 1221 mucroni
1407 1184 1508 1232 (qui
1539 1182 1657 1219 dextri

75 1243 266 1281 ventriculi
290 1243 370 1279 finis
393 1245 477 1289 est)
510 1242 726 1292 respondet,
766 1244 801 1279 ἃ
824 1252 885 1280 aut
913 1245 964 1280 ibi
991 1255 1075 1280 cum
1102 1243 1224 1291 pleura
1252 1242 1483 1292 diaphragma
1511 1248 1657 1289 tegente

76 1302 250 1344 confiuit,
292 1311 352 1339 aut
377 1303 524 1340 inferius
548 1304 655 1339 etiarn
679 1303 714 1338 &
739 1304 906 1340 exterius.
942 1301 1081 1341 Dextra
1096 1302 1227 1339 lamina
1251 1302 1360 1354 paulo
1382 1301 1564 1338 dexterius
1587 1308 1658 1337 ter-

75 1363 255 1404 minatur,
290 1373 408 1410 neque
436 1363 534 1399 enim
562 1373 601 1397 ea
625 1360 704 1397 sede
734 1372 752 1398 a
773 1360 903 1398 finistra
926 1361 1038 1409 longe
1070 1361 1181 1398 distat.

96 1434 98 1437 ·
135 1421 231 1458 Nam
258 1422 295 1456 in
321 1421 526 1458 universum
550 1420 699 1469 quidem
728 1419 852 1456 dextra
878 1420 1009 1457 lamina
1038 1420 1240 1456 mediastini
1266 1418 1408 1456 finistrae
1436 1430 1480 1455 eo
1506 1419 1657 1467 propior

78 1480 151 1522 est,
186 1491 260 1528 quo
287 1486 437 1529 utraque
459 1481 615 1515 anterior
639 1479 831 1526 sternoque
848 1480 1024 1524 vicinior3
1058 1477 1189 1515 deinde
1214 1478 1361 1515 inferius
1384 1478 1517 1514 eaedem
1538 1479 1657 1513 mino-

75 1540 106 1575 ri
130 1537 320 1575 intervallo
348 1537 496 1580 distant,
532 1537 674 1585 solaque
704 1536 870 1578 cellulosa
891 1530 961 1574 tela
982 1549 1065 1575 cum
1092 1537 1195 1585 adipe
1217 1537 1308 1584 (ν)
1336 1538 1371 1573 &
1393 1535 1572 1584 glandulis
1591 1535 1658 1571 dis-

77 1598 317 1644 tinguuntur:
359 1596 541 1645 superius,
577 1596 612 1632 δε
633 1595 729 1632 collo
751 1597 900 1644 propius
930 1597 1056 1633 medio
1088 1596 1241 1644 thymo,
1286 1596 1322 1632 δε
1354 1595 1534 1644 glandulis
1565 1595 1600 1631 &
1623 1605 1659 1630 a,

78 1655 161 1706 dipe
186 1654 429 1706 diffepiuntur.
465 1654 647 1692 Parallelas
672 1655 838 1704 depinxit
863 1654 891 1692 E
906 1667 923 1691 u
938 1665 953 1690 s
964 1667 988 1691 T
1003 1667 1025 1691 A
1040 1667 1060 1692 c
1074 1667 1099 1691 H
1112 1667 1125 1692 1
1142 1667 1161 1692 υ
1175 1668 1190 1692 s
1232 1656 1276 1701 (s
1289 1656 1315 1702 ).

661 1766 694 1808 §-
726 1762 772 1801 V.
839 1763 885 1800 Et
904 1763 1081 1811 posterius.

100 1906 103 1908 -
137 1883 248 1921 Nunc
275 1883 393 1920 dicere
414 1888 560 1931 oportet
577 1910 586 1924 ,
632 1882 710 1930 quis
727 1881 904 1930 posterIOr
927 1880 1006 1918 finis
1021 1881 1222 1918 mediastini
1240 1881 1289 1918 fit.
1324 1879 1368 1918 Et
1390 1883 1427 1918 in
1451 1879 1658 1917 universum

79 1942 254 1990 posterior
280 1954 359 1989 pars
383 1943 568 1989 utriusque
588 1940 728 1976 laminae
743 1968 752 1982 ‚
789 1942 932 1977 tenuior
949 1942 985 1977 ἃ
1005 1943 1144 1977 omenti
1161 1939 1281 1977 similis
1298 1941 1493 1988 „undique
1505 1940 1659 1987 pericar-

81 1999 143 2036 dio
165 2001 320 2036 anterior
343 2000 549 2040 incumbit,
591 2000 764 2046 tenuique
794 1998 960 2035 cellulosa
986 1999 1053 2036 tela
1083 2011 1167 2036 cum
1198 2010 1242 2036 eo
1265 1998 1367 2036 sacco
1393 1999 1654 2045 conjungitur,

81 2065 140 2096 aut
158 2070 226 2108 pro
250 2068 397 2095 externa
422 2057 630 2095 membrana
651 2056 700 2092 est
728 2056 810 2103 (t).
843 2055 886 2094 ln
906 2065 1026 2096 tenera
1051 2066 1172 2096 tamen
1198 2065 1298 2095 aetate
1326 2057 1428 2096 facile
1456 2056 1654 2105 separatur,

1579 2126 1658 2152 non

125 2230 197 2268 (p)
221 2232 241 2261 A
261 2232 359 2269 quinta
385 2230 460 2260 costa
485 2230 604 2260 Guuz
631 2228 649 2258 l.
676 2239 699 2259 c.
725 2242 742 2269 p
770 2242 796 2268 ς.

102 2272 196 2341 1¹(q)
219 2272 263 2319 8οε
278 2281 298 2301 N
314 2281 363 2301 Ac
388 2281 415 2309 p.
445 2281 470 2307 4.
498 2271 587 2302 Recta
611 2271 808 2302 mediastinum
835 2271 1006 2303 descendere
1031 2271 1118 2302 etiam
1136 2271 1177 2302 Cl.
1203 2270 1297 2302 Man
1312 2281 1393 2302 τιΝ
1408 2270 1437 2301 in
1458 2269 1548 2302 tribus
1563 2278 1659 2300 exem-

81 2321 579 2391 ΡΙΞῑΕξεΥὋΙδΛιι-Ηεηάεοῠςίῖ
603 2351 642 2388 ἐξ
665 2356 788 2386 voracib.
812 2364 840 2394 p.
865 2363 893 2394 7.
919 2353 1112 2386 mamm
1137 2352 1157 2384 l.
1180 2363 1205 2384 c.

123 2392 194 2429 (s)
216 2393 251 2423 T.
278 2393 330 2423 IX.
359 2392 393 2422 T.
414 2392 480 2423 XV.
505 2393 523 2423 f.
551 2404 574 2423 1.

123 2433 693 2474 (t)KAAUWI.c.n.151.155s

1175 2477 1264 2519 Kk
1327 2488 1346 2524 3
