2003 2748
242 138 284 168 11
702 117 1416 164 PRAEFATIG

241 234 352 279 pene
376 216 558 262 infinitae
577 225 719 276 partes
746 217 852 260 sunt.
900 217 987 270 Qu
1014 215 1337 277 physiologiam
1368 217 1421 262 ab
1452 227 1653 265 anatome
1684 218 1867 266 avellere

243 278 502 324 studuerunt
520 307 530 325 ,
565 278 594 320 ii
621 275 734 321 c‘erte
764 275 873 320 mihi
899 277 1106 321 videntur
1137 293 1239 322 cum
1265 277 1579 324 mathematicis
1604 281 1720 339 poffe
1750 298 1866 326 com-

242 340 408 400 parari,
443 338 519 396 qui
544 336 757 381 machinae
780 337 956 393 alicujus
984 338 1095 382 vires
1117 340 1162 383 &
1194 337 1438 383 funCtiones
1464 340 1630 384 calculo
1651 342 1866 401 exprime-

243 416 288 445 re
313 398 562 457 suscipiunt,
593 399 712 454 cujus
730 413 870 456 neque
883 407 998 441 rotas
1025 399 1222 457 cognitas
1249 398 1439 448 habent,
1458 415 1599 460 neque
1622 410 1832 461 tympana
1851 432 1864 451 ‚

243 474 384 518 neque
411 456 648 507 mensuras,
683 472 824 516 neque
849 458 1088 502 materiem.
1125 458 1243 503 Mihi
1267 475 1374 504 vero
1402 459 1453 504 ab
1479 461 1562 504 istis
1584 461 1772 521 aesopicis
1786 478 1865 522 per

245 534 387 564 aerem
414 516 654 561 architedlis
678 517 785 562 adeo
806 518 943 562 aliena
979 534 1100 563 mens
1142 519 1222 568 est,
1255 529 1305 563 ut
1324 521 1401 564 vix
1423 521 1667 580 quidquam
1704 538 1781 567 nos
1819 523 1864 566 in

242 578 549 639 physiologicis
576 577 680 622 scire
703 577 962 638 persuadear
977 609 988 628 ‚
1025 578 1105 622 nili
1128 595 1226 639 quae
1249 595 1329 639 per
1355 589 1588 626 anatomen
1622 581 1864 627 didicimus.

241 638 384 685 Facile
402 669 412 685 2
444 653 578 697 quam
602 654 704 682 vera
729 654 934 683 moneam
953 669 964 687 ‚
995 638 1326 699 persuadebitur
1343 670 1354 689 ‚
1387 642 1637 701 quicunque
1659 658 1755 686 eam
1775 657 1867 686 cor-

243 701 359 760 poris
372 697 552 742 humani
568 700 886 748 oeconomiam,
916 715 1016 759 quae
1040 715 1156 744 nunc
1180 701 1320 759 vulgo
1340 701 1532 745 innotuit
1549 731 1562 750 ‚
1604 718 1706 746 cum
1731 701 1866 746 FER-

243 775 425 806 NEL11‚
456 767 530 802 aut
558 763 706 812 Calpen-i
737 760 1054 804 HOFMANNi
1087 759 1363 820 physiologia
1389 776 1642 821 comparare
1664 761 1866 806 voluerit.

241 819 479 879 Ingenium
503 819 548 862 in
574 820 621 863 iis
653 820 756 864 viris
783 829 904 869 erat,
945 822 989 867 ὃς
1013 820 1217 865 laborum
1243 820 1456 865 affiduitas
1474 852 1484 870 ‚
1528 824 1573 867 ὃς
1602 822 1744 881 aliqua
1766 837 1868 865 ana-

240 890 359 923 tome
375 910 386 927 ,
405 888 479 923 aut
495 895 547 923 ex
562 879 724 925 Graecis
736 879 885 926 hausta
899 910 909 930 ‚
931 889 1004 924 aut
1019 896 1071 925 ex
1087 880 1299 940 aliquibus
1316 912 1326 930 ‚
1342 879 1416 925 sed
1428 882 1553 926 nimis
1569 882 1673 927 raris
1687 912 1697 930 ‚
1715 896 1867 941 corpo·

242 956 344 984 rum
361 938 660 984 humanorum
676 940 960 985 incisionibus.
984 942 1040 986 Et
1051 941 1114 985 his
1129 950 1277 989 tamen
1290 942 1392 986 viris
1405 957 1545 1001 neque
1560 941 1776 1000 sanguinis
1791 956 1870 985 ve·-

241 1016 314 1045 rus
333 1010 478 1044 motus
494 1001 705 1050 innotuit,
723 1017 865 1060 neque
875 1000 1033 1046 modus
1050 1035 1060 1048 ,
1081 1017 1169 1061 quo
1188 1002 1339 1046 lumen
1357 1016 1436 1060 per
1462 1001 1609 1045 oculos
1628 1000 1867 1046 refrad'tum

242 1059 456 1105 visionem
476 1058 646 1119 perficit
665 1093 676 1111 ‚
716 1077 858 1120 neque
887 1071 961 1105 aut
983 1062 1056 1105 via
1071 1092 1081 1110 ‚
1114 1070 1188 1105 aut
1214 1060 1446 1106 artificium
1469 1091 1481 1111 ‚
1525 1077 1613 1120 quo
1636 1060 1784 1121 chylus
1815 1076 1869 1104 ex

244 1121 456 1164 alimentis
469 1119 683 1180 expressus
700 1121 755 1165 ad
777 1121 1036 1181 sanguinem
1062 1122 1183 1166 venit
1203 1152 1212 1170 ‚
1235 1120 1446 1181 denique,
1474 1121 1505 1165 fi
1532 1122 1630 1166 licet
1654 1120 1867 1166 sincerum

245 1180 323 1224 effe
341 1210 352 1229 ‚
394 1179 446 1224 de
469 1189 561 1224 tota
584 1179 884 1240 physiologia,
914 1183 1042 1226 tantis
1072 1182 1174 1226 viris
1202 1182 1278 1226 vix
1300 1180 1543 1241 quidquam
1560 1183 1764 1226 innotuit.

302 1239 384 1285 Sed
412 1240 546 1300 longa
568 1240 626 1285 est
657 1251 880 1290 anatome,
911 1242 1240 1301 multarumque
1253 1242 1473 1301 partium3
1507 1241 1715 1291 musculi,
1753 1240 1871 1290 offa‚'

242 1299 460 1345 viscerum
481 1301 668 1345 exterior
696 1300 1035 1362 circumscriptio
1053 1335 1062 1348 ‚
1096 1304 1142 1347 ἃ
1168 1302 1270 1346 litus
1287 1333 1298 1351 ‚
1331 1305 1376 1347 δε
1402 1303 1584 1347 aliarum
1603 1302 1795 1362 partium
1814 1300 1870 1347 ad

245 1362 343 1405 alias
367 1361 478 1404 ratio
497 1379 505 1403 z
541 1360 695 1406 deinde
723 1363 978 1407 arteriarum
1000 1365 1045 1408 ὃς
1061 1377 1275 1407 venarum
1299 1360 1362 1406 his
1383 1362 1535 1407 nostris
1559 1362 1742 1407 demum
1762 1372 1870 1407 tem·

244 1421 424 1481 poribus
452 1430 552 1465 nata
579 1420 808 1482 descriptio
825 1455 836 1473 ,
865 1438 1106 1467 nervorum
1124 1421 1325 1466 nondum
1344 1423 1545 1467 evolutus
1571 1421 1867 1482 labyrinthus,

244 1481 445 1526 subtilior
481 1481 662 1526 demum
696 1483 921 1527 minorum
955 1484 1148 1542 partium
1177 1482 1324 1527 incisio
1342 1512 1354 1532 ‚
1404 1482 1560 1542 quibus
1594 1483 1752 1528 viscera
1770 1513 1781 1532 ,
1825 1485 1871 1528 &

246 1540 467 1601 glandulae
480 1572 491 1590 ‚
513 1543 559 1587 ὃ(
574 1542 665 1587 ah'ae
683 1542 926 1603 conspicuae
947 1543 1139 1603 corporis
1153 1543 1346 1588 animalis
1359 1555 1501 1602 partes
1526 1552 1869 1603 componuntur.

307 1601 431 1646 Adeo
456 1601 691 1645 immensus
712 1602 770 1645 est
798 1602 872 1645 iste
894 1602 1018 1645 labor
1033 1632 1045 1650 ‚
1087 1611 1138 1645 ut
1158 1604 1312 1661 magni
1329 1603 1412 1644 viri
1437 1602 1598 1645 lauden
1625 1602 1708 1645 fint
1729 1601 1872 1645 conse-

247 1662 366 1710 cuti,
400 1661 476 1719 qui
503 1661 693 1720 aliquam
720 1662 807 1719 ejus
834 1661 1119 1721 particulam,
1156 1661 1285 1705 etiam
1314 1661 1534 1704 minutam
1553 1691 1563 1710 ,
1608 1662 1740 1706 etiam
1765 1661 1872 1705 faci«

241 1721 333 1765 ¹lem
350 1755 359 1769 ‚
409 1720 617 1765 hactenus
650 1722 776 1781 plene
809 1720 1096 1766 tradiderunt,
1147 1721 1368 1766 Circuitus
1389 1719 1609 1779 sanguinis
1637 1722 1871 1766 HARVEI

248 1780 412 1826 :lamam
452 1782 747 1826 immortalem
795 1781 896 1826 fecit
927 1799 940 1832 ·‚
996 1783 1180 1826 unicum
1237 1779 1461 1826 vasculum
1515 1781 1607 1826 W1
1625 1797 1652 1826 R
1667 1797 1685 1825 s
1701 1797 1769 1827 UN
1784 1796 1810 1824 G
1825 1797 1838 1824 1
1856 1795 1873 1824 1

250 1850 325 1885 aut
349 1842 453 1886 WH
467 1856 494 1885 A
508 1857 536 1885 R
550 1855 578 1885 T
593 1856 621 1885 o
637 1858 691 1886 NI
727 1859 888 1887 nomen
916 1841 1144 1886 dedicavit.
1178 1842 1247 1887 Ire
1267 1857 1375 1887 vero
1395 1856 1473 1901 per
1502 1842 1649 1887 omnia
1666 1872 1678 1890 ‚
1715 1844 1760 1886 ὅ(
1784 1841 1875 1900 ple-

251 1917 305 1945 ne
337 1916 486 1945 omnes
508 1903 708 1961 regiones
733 1903 926 1962 corporis
953 1901 1136 1946 humani
1156 1900 1397 1961 perspectas
1417 1899 1599 1951 habere,
1631 1900 1677 1945 id
1693 1901 1874 1960 quidem

251 1964 298 2007 ὃ(
324 1977 447 2019 aeque
475 1961 644 2007 difficile
662 1993 674 2012 ‚
718 1966 762 2009 ὃς
783 1979 905 2023 aeque
935 1978 1084 2006 rarum
1117 1962 1175 2006 est
1196 1992 1207 2010 ‚
1243 1977 1378 2020 quam
1403 1961 1531 2021 plena
1563 1962 1764 2006 omnium
1789 1962 1874 2005 im-

252 2020 412 2066 mensae
439 2024 629 2081 regionis
658 2038 880 2085 pagorum
900 2054 911 2072 ‚
944 2023 1146 2068 rivorum
1161 2052 1171 2071 ,
1201 2022 1471 2080 valliumque
1488 2021 1722 2067 &collium
1746 2020 1874 2065 histo-

252 2082 328 2126 ria.
370 2083 519 2127 Brevis
539 2084 629 2127 vita
652 2083 709 2127 est
726 2115 737 2133 ‚
776 2084 954 2129 brevior
979 2084 1069 2127 vita
1095 2083 1358 2131 anatomici,
1395 2097 1528 2141 quam
1549 2080 1638 2126 sere
1659 2097 1776 2126 mors
1802 2081 1900 2125 ab-v»

254 2142 423 2200 rumpit
441 2172 452 2190 ,
494 2152 570 2189 aut
601 2144 719 2188 aliud
752 2145 855 2190 vitae
901 2159 1039 2203 genus
1067 2143 1313 2203 interpellat
1331 2173 1343 2192 ,
1381 2150 1455 2185 aut
1477 2151 1591 2187 certe
1615 2142 1693 2186 alia
1737 2141 1872 2186 civilis

255 2202 360 2245 vita:
389 2201 528 2247 officia
557 2203 748 2248 turbant.
800 2202 980 2249 Ostendi
1013 2203 1177 2263 potest,
1210 2203 1339 2247 etiam
1374 2202 1538 2246 calculo
1570 2201 1737 2262 posito,
1779 2199 1874 2247 fieri

255 2276 347 2305 non
378 2261 520 2320 posse,
558 2273 608 2307 ut
631 2264 743 2308 intra
769 2265 931 2323 viginti
961 2278 1094 2308 annos
1114 2272 1255 2322 partes
1284 2262 1477 2321 corporis
1503 2262 1695 2307 animalis
1724 2274 1874 2306 omnes

255 2321 381 2380 plene
415 2333 728 2382 peragrentur:
761 2323 793 2368 fi
817 2316 1027 2384 praeterea
1050 2324 1096 2367 111
1128 2323 1343 2368 calculum
1369 2337 1464 2365 eam
1488 2323 1741 2367 varietatem
1762 2336 1874 2366 rece-

256 2381 368 2439 peris
385 2411 397 2429 ,
430 2398 528 2441 quae
540 2384 585 2427 in
596 2383 759 2429 fabrica
773 2385 966 2444 partium
984 2381 1041 2427 est
1053 2413 1063 2432 ‚
1085 2386 1129 2429 ἃ
1145 2399 1279 2444 quam
1298 2391 1471 2443 oportet
1495 2383 1683 2443 repetitis
1707 2381 1876 2441 experi-

258 2441 413 2486 mentis
438 2442 662 2489 exhaurire
679 2474 691 2494 ,
729 2443 807 2492 nifi
824 2445 928 2491 velis
953 2445 999 2490 in
1017 2452 1141 2506 parte
1165 2444 1259 2493 veri
1281 2441 1501 2490 subsistere
1521 2469 1533 2494 ,
1566 2444 1698 2503 inque
1719 2455 1877 2506 perpe·-

1797 2510 1877 2545 tuo
