2003 2748
350 126 545 169 SECT.
579 126 684 167 III.
742 125 1002 167 CORDIS
1051 124 1348 167 FABRICA.
1583 140 1658 177 375

55 229 228 266 teriarum
261 226 516 265 inosculantur.
566 225 774 276 Aliquando
811 224 855 262 ad
880 222 1009 262 faciem
1034 224 1144 274 usque
1170 222 1264 262 finus
1293 223 1417 262 sinistri
1440 226 1660 264 anteriorem

61 288 229 338 producti
248 316 257 330 ,
297 289 334 324 in
362 299 486 325 aurem
508 285 695 329 dextram,
730 283 855 322 foffam
883 284 1023 322 ovalem
1040 313 1049 327 ‚
1085 284 1354 322 &inferiorem
1381 296 1508 322 venam
1537 298 1660 325 cavam

64 350 250 390 veniunt,
295 347 446 397 perinde
477 358 561 383 cum
593 346 850 395 phrenicarum
879 345 916 381 ὃς
950 344 1124 382 renalium
1155 344 1362 382 ramusculis
1391 346 1507 390 uniti,
1548 346 1660 397 'inque

65 416 226 451 aonam,
264 410 395 457 pariter
425 418 509 444 cum
533 404 667 442 dextris
690 405 890 442 coronariis
917 404 1100 452 conjuncfi
1127 404 1210 452 (l).

126 468 217 506 Non
238 479 358 505 rarum
380 466 449 509 est,
478 465 626 502 tertium
650 476 792 502 ramum
819 463 914 500 haud
935 464 1046 513 longe
1069 465 1111 501 ab
1131 465 1273 513 origine
1300 467 1497 504 coronariae
1519 466 1661 507 finistrae

64 541 111 566 ex
132 530 208 577 ejus
229 535 360 565 trunco
390 525 537 575 prodire
566 525 694 572 (m),
732 536 841 573 quem
865 525 970 576 etiam
988 552 997 566 ,
1032 526 1116 562 raris
1140 525 1176 561 in
1204 526 1378 574 exemplis
1397 554 1405 569 ,
1447 534 1545 564 aorta
1572 529 1625 575 (n
1640 532 1670 577 )'

63 589 212 637 genuit:
240 587 451 623 interiorem
474 590 580 621 vocat
607 582 641 621 V
655 595 667 620 1
682 595 701 620 Ε
717 596 735 620 u
753 596 767 620 s
781 596 795 621 s
810 595 829 620 Ε
842 595 866 619 N
882 595 894 619 1
911 595 929 620 υ
945 596 969 620 s.
1006 582 1038 620 Is
1057 583 1238 633 profunde
1269 596 1373 622 carne
1406 587 1525 624 cordis
1551 588 1662 625 tectus

62 660 126 697 per
154 647 241 696 septi
262 645 383 682 sedem
409 644 453 684 ad
482 655 702 683 mucronem
728 643 837 692 usque
856 642 1059 687 descendit,
1094 644 1192 682 nulla
1215 657 1304 681 vena
1326 647 1469 684 comite.
1507 646 1596 684 Non
1613 655 1663 686 ta-

60 718 148 745 men
173 706 265 744 adeo
294 712 495 754 perpetuo,
535 711 575 743 ut
608 703 756 753 quidem
781 702 873 740 Viro
898 702 973 741 Cel.
1002 702 1115 741 visum
1141 704 1189 741 est
1205 732 1214 746 ,
1258 707 1386 743 unicus
1412 715 1560 745 truncus
1586 707 1659 750 est,

60 769 123 816 qui
151 778 234 805 eum
269 764 496 814 profundum
530 764 656 802 locum
685 770 792 801 tenet.
842 761 931 799 Vidi
964 770 1035 800 tres
1064 762 1184 806 fuisse,
1218 775 1359 813 quosex
1388 766 1517 803 ordine
1542 779 1662 805 ram-us

58 828 219 864 anterior
242 824 382 862 finistrae
399 825 597 862 coronariae
614 822 814 872 produxit,
840 823 1002 871 primum
1024 822 1234 872 longiorem
1247 824 1461 869 ,abreviores
1477 825 1658 876 reliquos,

60 885 175 924 craffae
201 886 297 924 carni
324 884 449 922 sinistri
478 882 668 921 ventriculi
697 882 808 920 datos.

119 944 447 984 Innumerabilibus
471 945 578 981 ramis
597 943 651 980 hae
668 971 676 986 ,
721 954 807 991 quas
833 941 996 991 descripsi
1015 970 1025 985 ,
1066 943 1200 979 arteriae
1221 955 1349 982 omnes
1376 945 1496 982 cordis
1522 945 1664 984 muscua

58 1005 155 1044 losos
175 1006 328 1043 lacertos
350 1003 601 1054 perambulant
618 1031 627 1045 ‚
674 1002 771 1039 unde
802 1001 860 1039 ille
885 1001 1042 1039 intensus
1071 1003 1204 1040 rubor:
1239 1002 1359 1051 plures
1389 1016 1475 1042 vero
1501 1004 1662 1045 surculos

58 1066 250 1116 persequi,
281 1063 478 1112 singulasve
505 1061 728 1100 valvularum
749 1090 758 1105 ‚
793 1068 853 1099 aut
874 1061 1100 1110 papillarium
1125 1061 1375 1101 musculorum
1395 1065 1576 1103 arteriolas
1601 1078 1664 1103 ex-

58 1127 216 1175 primere
238 1136 315 1162 non
336 1125 459 1173 putavi
484 1135 502 1160 e
532 1135 569 1160 re
590 1122 669 1159 fore
685 1149 694 1164 ‚
732 1133 816 1159 cum
843 1120 1020 1168 ejusmodi
1045 1123 1185 1160 minuta
1202 1120 1353 1165 fabrica,
1389 1125 1496 1161 etiam
1523 1124 1663 1164 summa

54 1197 145 1223 cum
166 1185 353 1232 diligentia
371 1183 416 1220 ad
443 1182 592 1220 cadaver
612 1180 786 1230 descripta
803 1209 812 1224 ,
843 1193 890 1218 ne
912 1180 956 1218 de
977 1182 1151 1230 proximo
1174 1191 1294 1219 tamen
1309 1211 1318 1226 ‚
1348 1184 1450 1231 quod
1468 1185 1636 1223 incideris
1649 1214 1658 1229 ,

53 1244 230 1282 cadavere
254 1255 336 1280 vera
356 1241 405 1280 fit.
443 1241 485 1279 Id
508 1242 613 1279 unice
636 1240 802 1278 addimus
818 1268 827 1281 ,
863 1239 1011 1277 infinitis
1038 1240 1127 1278 locis
1147 1243 1288 1279 arterias
1313 1243 1433 1280 cordis
1462 1243 1603 1282 dextras
1626 1246 1663 1282 Sc

28 1317 30 1321 ·
57 1303 208 1341 sinistras
238 1314 357 1340 ramos
386 1301 450 1339 fibi
477 1301 749 1338 communicare
768 1328 777 1342 ‚
813 1306 852 1337 ut
881 1301 1038 1337 omnino
1064 1313 1140 1337 non
1175 1302 1310 1338 mirum
1339 1300 1404 1345 fit,
1449 1305 1555 1340 etiam
1580 1312 1663 1342 ante

58 1365 245 1402 inventam
266 1370 380 1399 artem
402 1360 567 1399 vasorum
590 1359 776 1397 artificiose
793 1359 1075 1408 replendorum,
1100 1368 1219 1397 tamen
1237 1362 1310 1408 jam
1334 1362 1527 1401 innotuisse
1551 1364 1569 1412 <
1588 1377 1605 1401 0
1620 1364 1658 1410 )‚

58 1423 166 1461 altera
195 1423 320 1460 arteria
354 1420 439 1458 flatu
466 1428 528 1459 aut
559 1432 649 1469 aqua
674 1419 830 1468 repleta,
869 1419 1000 1468 repleri
1026 1420 1060 1456 &
1085 1419 1240 1458 alteram.
1291 1420 1360 1458 Via
1386 1423 1423 1461 in
1455 1423 1662 1461 cellulosam

57 1484 168 1520 telam
194 1481 253 1519 hic
271 1509 280 1524 ‚
318 1479 343 1517 fi
366 1480 516 1530 usquam
543 1478 723 1518 liberrima
753 1479 810 1515 est.

117 1541 150 1580 A
175 1540 377 1579 bronchiali
405 1548 554 1589 utraque
579 1539 624 1576 ad
654 1538 721 1576 suis
746 1538 863 1575 lateris
891 1538 1087 1576 auriculam
1115 1539 1235 1577 cordis
1257 1552 1398 1579 ramum
1429 1543 1544 1585 mitti,
1595 1554 1663 1580 nu⁴

58 1614 166 1651 perus
199 1601 321 1638 auctor
343 1600 454 1637 exstat
481 1603 497 1648 (
510 1607 536 1647 p
557 1607 568 1648 )
588 1627 597 1642 ,
627 1600 688 1648 qui
708 1597 801 1635 forte
821 1600 942 1635 citatas
958 1611 975 1635 a
994 1599 1100 1638 nobis
1121 1601 1329 1641 arteriarum
1351 1601 1516 1640 auriculae
1537 1602 1662 1641 utrius-⁵

22 1710 25 1711 ⁷
55 1673 154 1712 que,
189 1673 275 1699 cum
297 1658 568 1698 bronchialibus
590 1657 868 1697 inosculationes
895 1657 1074 1707 intelligit.

407 1772 439 1814 §-
477 1767 519 1808 Χ
533 1767 575 1807 Χ
589 1767 662 1807 XI
677 1766 722 1807 V.
777 1767 819 1806 V
814 1780 882 1806 enae
904 1769 1062 1817 majores.
1104 1769 1309 1809 Coronaria,

120 1880 225 1919 Venae
256 1880 368 1919 cordis
389 1893 468 1919 non
495 1881 602 1920 unius
623 1881 766 1930 generis
794 1880 874 1919 sunt
887 1894 903 1927 ;
944 1893 1012 1919 nos
1050 1883 1115 1919 tria
1140 1881 1312 1920 faciemus
1329 1910 1339 1925 ,
1382 1894 1555 1921 venarum
1587 1895 1661 1921 mm

52 1952 238 1987 gnarum,
271 1941 519 1983 mediocrium,
560 1941 596 1977 ὃς
626 1942 866 1978 minimarunl.
913 1940 997 1980 Istas
1023 1941 1173 1990 quidem
1200 1953 1277 1978 non
1306 1953 1434 1979 omnes
1466 1944 1661 1981 anatomici

53 1999 264 2038 «admittunt.

118 2059 341 2108 Magnarum
357 2071 530 2099 venarum
556 2060 724 2110 princeps
750 2058 820 2103 est,
859 2070 968 2109 quam
993 2060 1027 2100 G
1042 2072 1065 2097 A
1079 2072 1171 2100 LEN
1189 2073 1210 2098 υ
1225 2073 1239 2099 s
1266 2059 1495 2111 peculiariter
1517 2074 1660 2100 corona.-

1566 2134 1660 2161 rmm

99 2226 116 2262 [
137 2226 149 2254 I
170 2225 185 2261 ]
209 2226 291 2257 Conf.
315 2224 420 2266 Fascic.
443 2226 516 2258 VIII.
539 2229 610 2257 icon.
637 2232 718 2257 anat.
747 2236 773 2265 p.
797 2232 826 2262 8.

100 2267 182 2303 [m]
206 2267 277 2298 Tab.
303 2278 328 2305 7.
356 2269 374 2298 f.
400 2278 428 2298 2.
454 2268 472 2299 1.
503 2269 524 2302 f.
553 2279 694 2301 1.1.2.
724 2278 754 2308 4.
786 2278 815 2307 4.

99 2308 185 2343 [n]
210 2308 322 2338 Iuni-1
353 2320 378 2346 p.
411 2313 459 2346 67.

100 2349 116 2384 [
138 2348 188 2383 ο]
215 2349 358 2379 Richardo
385 2349 573 2380 Lownni.
599 2360 622 2381 c.
644 2361 670 2380 c.
692 2360 717 2380 1.
740 2360 768 2389 p.
793 2361 820 2388 9.
841 2351 938 2381 Carolo
954 2350 980 2382 D
998 2359 1098 2381 anri
1115 2359 1269 2384 ncouT
1294 2351 1323 2382 ivn
1340 2353 1453 2382 cunia-id
1478 2352 1513 2387 V,
1533 2353 1659 2387 GUAL-

58 2397 208 2419 THERo
232 2389 518 2420 Curiatium-on
542 2391 746 2420 threelefflures
770 2402 796 2430 p.
825 2391 875 2428 46.

105 2430 122 2466 [
142 2437 162 2466 p
184 2430 198 2465 ]
221 2429 270 2461 Di
287 2441 382 2462 sni}
398 2441 419 2462 R
436 2429 594 2471 sarromgie
623 2433 694 2463 Part.
717 2432 770 2465 111,
793 2442 822 2472 p.
854 2444 900 2473 55,
