2003 2748
355 146 542 187 SEC'T.
591 146 653 186 II.
726 145 871 187 ITER
921 146 1155 189 VENOSI
1202 146 1379 188 SANG.
1579 159 1659 195 209

24 276 28 277 γ
76 244 198 287 dilatet
219 273 228 286 ‚
267 249 375 293 atque
407 246 555 286 noxias,
587 243 722 281 brachii
763 256 1031 292 nonnunquam
1070 243 1169 282 mole
1206 242 1317 292 (c),
1355 245 1488 282 varices
1521 242 1662 288 efficiat,

75 318 162 355 quas
193 304 382 352 chirurgiae
409 303 648 352 exstirpandas
676 303 813 340 tradere
840 302 977 340 necesse
1002 303 1050 340 fit.
1101 302 1245 341 Eaedem
1272 304 1421 341 demum
1446 311 1558 352 ruptae
1591 304 1667 341 san-

74 366 225 413 guinem
250 363 409 400 fundunt
434 363 531 410 (d),
562 364 668 399 etiam
706 362 848 399 funesto
879 369 1010 399 eventu
1039 363 1134 411 (e).
1208 362 1266 399 Ne
1297 370 1416 400 tamen
1442 363 1532 400 adeo
1565 362 1666 399 facile

74 430 356 471 rumperentur,
385 421 607 470 aliquantum
635 432 805 468 aggeres,
840 420 910 458 five
930 422 1116 459 inferiores
1146 423 1303 470 caecique
1335 421 1477 459 sinuum
1505 421 1668 459 valvulo-

74 482 197 519 sorum
231 493 315 518 cum
346 492 434 516 vena
460 480 618 516 connexi
648 479 755 521 fines,
783 489 929 521 cavent,
956 493 1048 529 quos
1072 483 1109 517 in
1136 481 1206 517 ima
1236 490 1357 529 parte,
1391 493 1500 529 quam
1527 481 1667 528 sanguis

74 541 234 578 maxime
262 549 384 587 urget,
420 538 588 575 fortiores
610 539 738 576 eadem
762 547 884 576 natura
909 538 1002 576 fecit.
1068 537 1207 587 Exigua
1233 551 1320 576 vero
1342 541 1500 577 varicum
1524 547 1584 576 aut
1601 539 1669 576 fre-

75 600 222 649 quentia
241 598 289 634 est
309 626 317 640 ‚
349 606 408 634 aut
430 609 551 640 noxa,
585 596 610 634 fi
639 609 722 634 cum
750 597 891 635 funesto
927 598 1109 646 sanguinis
1138 598 1273 647 relapsu
1292 600 1575 647 compa1·averi8‚
1604 599 1669 646 qui

75 665 251 695 extremas
287 655 423 705 pedum
450 669 583 698 venas,
610 656 772 705 alioquin
797 658 840 694 ad
865 658 1103 705 stagnandum
1129 670 1262 706 pronas
1279 686 1288 699 ‚
1319 658 1510 699 obrueret,
1550 658 1670 694 cordi-

75 729 146 766 que
176 714 408 753 necessarium
442 715 621 764 sanguinis
655 716 839 754 stimulum
869 717 1090 766 subriperet,
1125 719 1162 754 in
1195 717 1306 767 pedes
1332 717 1519 765 congesti,
1550 727 1670 766 neque

77 775 228 813 redituri
255 803 264 817 ,
283 773 309 810 fi
331 773 485 811 valvulas
507 782 630 812 natura
651 787 726 812 non
739 774 879 813 fecisset.

145 832 215 871 Etfi
238 835 275 870 in
310 833 519 880 hujusmodi
545 834 751 882 teleologiis
778 834 890 872 facilis
917 831 983 871 effe
1014 847 1090 872 non
1119 835 1216 872 soleo
1234 863 1242 877 ‚
1273 847 1349 872 non
1384 842 1505 872 tamen
1533 834 1673 883 impross

75 893 192 930 babile
215 892 304 929 mihi
333 892 499 935 videtur,
526 893 610 930 ideo
632 893 838 942 frequentes
864 896 900 930 in
930 906 1103 932 venarum
1133 895 1177 931 ad
1204 903 1325 943 portas
1347 896 1512 931 euntium
1538 893 1671 931 infimis

77 953 185 989 ramis
225 952 360 1001 varices
397 953 433 989 ὃς
465 953 707 1000 stagnationes
739 951 831 995 effe,
867 953 968 1002 quod
1009 965 1057 990 eae
1095 966 1195 991 venae
1238 953 1387 990 valvulis
1422 953 1667 991 destituantur.

80 1009 377 1048 Haeniorrhoides
397 1023 484 1048 vero
502 1014 546 1048 ex
566 1013 607 1048 iis
627 1013 765 1048 cruoris
790 1013 1087 1060 congestionibus
1113 1012 1207 1050 nasci
1231 1011 1454 1050 notissimum
1477 1012 1524 1049 est
1545 1012 1638 1059 (g).

137 1069 259 1107 Nimis
287 1068 413 1107 subtile
438 1070 487 1107 est
518 1069 704 1107 Gztczltheri
727 1070 758 1108 C
772 1083 796 1106 H
811 1083 832 1106 A
848 1084 869 1108 R
883 1084 902 1108 L
917 1083 935 1107 F.
950 1083 973 1107 T
986 1083 1009 1108 o
1023 1083 1046 1107 N
1082 1072 1128 1109 de
1148 1071 1371 1109 valvularum
1391 1072 1542 1109 utilitate
1569 1082 1672 1108 corn-

79 1137 269 1171 mentum,
309 1129 520 1177 sanguinem
549 1139 682 1177 nempe
713 1130 932 1167 relabentem
963 1132 1000 1166 in
1026 1130 1139 1179 spatio
1167 1129 1389 1167 valvularum
1417 1138 1564 1179 recepto
1581 1158 1590 1172 ,
1618 1141 1680 1166 res

80 1187 172 1224 filire
189 1215 198 1229 ‚
234 1188 270 1223 &
294 1199 359 1236 per
385 1188 568 1236 angustius
595 1188 747 1225 duarum
776 1188 996 1237 valyularum
1030 1189 1259 1227 intervallum
1290 1189 1493 1238 duplicata,
1528 1190 1576 1227 ob
1595 1199 1681 1227 earm

79 1246 192 1296 ipsam
211 1246 411 1295 angustiam
424 1274 434 1289 ,
468 1246 647 1284 eeleritate
673 1246 791 1285 versus
825 1259 890 1285 cor
909 1259 1103 1297 properare
1130 1248 1189 1298 (h
1203 1249 1230 1297 >.

382 1307 404 1325 0

231 1368 264 1410 §-
299 1363 362 1402 VI
376 1362 436 1403 II..
497 1363 649 1403 Vincula
673 1377 800 1404 verum
827 1367 895 1404 iter
910 1365 1102 1416 fimguinir
1126 1365 1242 1415 venosi
1262 1362 1516 1413 demonstramus

154 1472 270 1511 Etiam
303 1472 497 1522 simplicius
528 1481 627 1518 erat,
660 1475 696 1513 &
722 1482 934 1524 oportuerat
966 1477 1090 1514 notius
1113 1474 1234 1517 fuisse,
1267 1475 1418 1512 alterum
1450 1476 1681 1524 experimen*

81 1540 181 1575 tum,
213 1532 315 1581 quod
345 1533 453 1569 toties
477 1532 671 1570 neceffario
699 1536 896 1582 repet-itur,
930 1537 1072 1583 quoties
1092 1535 1254 1571 medicus
1280 1545 1408 1571 venam
1439 1534 1539 1571 secat.
1593 1534 1686 1572 Bra-2>

83 1592 207 1629 chium
233 1592 355 1633 enim,
386 1590 456 1639 ipsa
481 1601 606 1628 natura
639 1593 808 1639 jubente,
840 1605 904 1630 cor
931 1595 1024 1630 inter
1054 1594 1090 1630 δε
1118 1605 1196 1630 eam
1223 1605 1352 1630 venam
1378 1592 1533 1641 ligatur,
1570 1594 1606 1630 &
1632 1594 1677 1630 ab

83 1653 186 1688 omni
206 1658 306 1687 aetate
331 1649 484 1698 ligatum
517 1651 594 1688 fuit.
660 1650 802 1694 Nobis,
828 1664 955 1690 verum
980 1652 1138 1695 edoctis,
1169 1654 1302 1690 mirum
1326 1664 1425 1689 nunc
1455 1652 1609 1695 videtur,
1632 1662 1679 1689 ex-

84 1709 176 1747 adeo
200 1708 351 1758 simplici
373 1710 624 1758 experimento
653 1712 903 1760 antiquitatem
932 1724 1052 1748 errore
1074 1711 1139 1748 suo
1171 1723 1246 1748 non
1277 1711 1462 1748 liberatam
1486 1709 1596 1748 fuiffe.
1641 1711 1679 1748 Si

83 1770 180 1806 enirn
205 1780 288 1805 vere
308 1780 371 1817 per
395 1780 503 1806 venas
533 1781 551 1805 a
572 1769 682 1806 corde
702 1769 843 1818 sanguis
877 1769 974 1813 fluit,
1008 1771 1199 1819 oportebat
1219 1782 1263 1807 ex
1290 1783 1329 1808 ea
1350 1770 1502 1818 ligatura
1522 1771 1679 1807 omnino

83 1827 294 1876 sanguinem
325 1828 369 1864 ab
399 1840 438 1865 ea
467 1840 557 1865 vena
587 1830 778 1877 intercipi,
813 1841 858 1866 ex
897 1842 967 1878 qua
996 1830 1148 1867 educere
1183 1829 1311 1878 scopus
1348 1829 1422 1866 est:
1458 1830 1494 1866 ὃς
1526 1831 1679 1866 minime

86 1887 284 1924 obscurum.
301 1893 392 1929 erat,
424 1889 462 1923 in
495 1899 533 1923 ea
553 1887 743 1936 hypothefi
765 1887 951 1925 vinculum
977 1890 1013 1925 in
1037 1900 1146 1936 carpo
1174 1889 1272 1935 injici
1297 1887 1516 1937 oportuisse,
1542 1896 1582 1925 ut
1605 1887 1681 1925 san-

87 1947 168 1992 guis
191 1947 283 1981 inter
306 1957 369 1982 cor
400 1946 435 1982 ἃ
469 1946 658 1983 vinculum
686 1955 979 1995 congregaretur.
1044 1947 1188 1984 Rectius
1215 1954 1335 1988 certe,
1366 1958 1411 1983 ex
1443 1946 1592 1988 theoria,
1619 1958 1680 1982 ve-

87 2004 243 2040 terinarii
276 2003 409 2040 medici
436 2004 625 2042 vinculum
653 2017 752 2043 venae
784 2007 971 2053 injiciunt,
1011 2007 1049 2043 in
1071 2014 1191 2056 parte,
1214 2018 1293 2055 quae
1319 2017 1338 2042 a
1364 2005 1474 2042 corde
1503 2005 1681 2042 remotior

89 2061 138 2098 est
168 2062 185 2108 (
203 2061 256 2107 i).

1536 2123 1690 2165 Verum:

87 2220 95 2227 “
129 2215 196 2293 ξε)
220 2216 249 2246 H
263 2227 272 2245 1
287 2227 303 2245 ι·
317 2226 334 2245 n
347 2226 366 2246 Λ
378 2226 408 2246 η
424 2227 499 2252 oper.
531 2227 559 2256 p.
584 2220 651 2255 8⁴99.
683 2217 834 2249 Notissima
855 2219 893 2250 est
918 2218 949 2249 Μ
963 2230 981 2249 Α
995 2230 1012 2250 R
1027 2231 1059 2250 11
1079 2220 1200 2251 historia.

89 2298 111 2327 d
146 2258 202 2326 hd)
232 2257 307 2326 {cce
325 2257 417 2295 aliqua
433 2261 563 2296 exempla
584 2258 603 2288 P
616 2270 630 2288 Ε
644 2270 663 2289 T
677 2269 693 2289 z
705 2270 748 2289 or.
762 2271 780 2290 n
810 2260 867 2290 obs.
893 2270 941 2299 ⁴5-
959 2261 1018 2300 hist.
1041 2264 1112 2292 med.
1149 2261 1302 2292 Vratisfav.
1335 2270 1363 2300 p.
1389 2266 1457 2298 278.
1482 2260 1506 2291 B
1520 2270 1539 2290 Α
1557 2269 1578 2290 u
1594 2269 1607 2290 s
1626 2269 1644 2290 c
1659 2269 1683 2291 Η

112 2309 125 2326 θ
166 2308 231 2326 aema
247 2305 293 2327 lte-

186 2339 199 2375 )
225 2338 250 2367 V
265 2349 275 2367 1
290 2348 310 2367 τ
324 2349 334 2367 1
357 2339 481 2377 dialogbi
503 2339 573 2368 d'un
597 2339 732 2380 holognefi
763 2341 815 2373 IV.
838 2352 866 2379 p.
892 2350 956 2372 ιοτ.
983 2319 1158 2373 Sroncrl
1190 2342 1354 2373 hehammen
1383 2342 1553 2374 Umerricht.
1570 2347 1683 2381 p.225.

183 2379 196 2414 )
219 2379 237 2409 S
251 2388 270 2407 τ
286 2389 304 2408 Α
319 2389 340 2408 Η
356 2390 372 2408 ι
399 2381 431 2408 de
454 2386 533 2409 motu
549 2379 686 2418 fiznguin.
712 2383 939 2413 hanzorrhoidmi
957 2392 985 2421 p.
1002 2393 1030 2422 9.

198 2418 257 2494 ἐφ’
287 2429 310 2449 α
335 2429 360 2457 p.
395 2421 530 2457 15.seqti.

238 2458 278 2489 La
305 2459 327 2490 F
340 2469 359 2490 o
375 2470 387 2490 s
402 2471 414 2490 s
432 2472 445 2490 u
471 2459 657 2499 obftrvations
677 2474 703 2502 p.
733 2474 797 2496 112,

155 2502 282 2543 Hnller
310 2503 498 2553 Phfflolog.
534 2505 642 2544 Tom.
688 2507 713 2546 1.
896 2541 900 2545 .
1161 2493 1200 2548 'D
1221 2511 1243 2548 d

132 2338 173 2373 (e

132 2379 182 2455 {52

132 2459 179 2495 (i
