2003 2748
331 98 445 163 352³
851 114 1009 154 Lzss.
1074 114 1178 155 JV.
1242 114 1416 156 COR.

327 212 419 249 veris
440 209 639 249 transversis
665 209 762 247 fibris
788 209 1068 261 descripserunt,
1107 223 1186 261 quae
1214 210 1334 249 cordis
1357 210 1462 249 fibras
1484 214 1721 262 conjungant.
1757 215 1932 268 Denique
1991 265 1994 268 Α

327 271 483 316 aliorum
508 269 756 307 musculorum
777 270 930 309 lacertos
956 271 1115 320 separant
1135 271 1224 308 striae
1253 271 1455 320 conspicuae
1483 272 1634 322 adiposae
1650 301 1659 316 ,
1699 276 1829 323 quibus
1855 277 1930 316 cul?

326 331 414 368 tello
435 331 611 378 exemptis
639 329 824 367 intervalla
852 332 944 368 inter
966 343 1029 368 eos
1057 330 1240 368 musculos
1267 331 1469 369 nascuntur.
1506 331 1549 370 In
1570 333 1700 377 corde,
1724 341 1853 382 praeter
1870 349 1931 375 ex..

327 392 453 427 timam
476 387 720 438 superficiem,
752 390 843 427 nihil
871 389 983 428 simile
1006 391 1127 433 adest,
1166 403 1286 440 neque
1317 391 1419 428 strata
1446 403 1571 430 carnea
1598 394 1768 430 interiora
1795 394 1871 432 ullo
1897 407 1932 434 a.-

326 448 410 497 dipe
431 449 673 492 ambeuntur,
715 460 827 499 quem
855 450 1046 494 excidere,
1079 461 1192 499 eaque
1218 450 1320 488 strata
1345 462 1364 488 a
1402 452 1529 489 vicinis
1564 451 1639 489 aliis
1663 452 1819 503 separare
1849 454 1932 505 pos,-

324 506 367 545 fis
394 509 452 556 (g
468 510 495 555 >-

383 566 505 605 Brevis
539 580 628 617 ergo
659 568 761 606 labor
795 571 862 606 erit
894 582 933 607 ea
965 582 1169 619 exponere,
1207 582 1286 619 quae
1317 582 1388 619 ego
1419 571 1568 620 quidem
1599 571 1670 621 ipse
1701 572 1775 610 vidi
1801 585 1808 610 :
1859 572 1929 612 fida

324 639 384 669 ea,
421 626 482 664 etfi
509 630 629 666 minus
656 628 761 677 plena
789 627 878 667 sunt.
915 628 1013 678 Ergo
1046 629 1141 666 fibrae
1170 629 1290 666 cordis
1320 631 1491 668 universae
1522 630 1611 668 mihi
1640 631 1807 670 videntur
1836 633 1929 671 obli-

323 699 403 736 quae
430 685 522 729 effe,
555 695 595 725 ut
624 696 746 724 tamen
774 688 973 726 transverfis
995 689 1174 738 pleraeque
1201 701 1311 738 quam
1343 689 1444 727 rectis
1463 692 1653 739 propiores
1678 690 1753 729 fint.
1790 690 1928 731 Oriun-

322 753 381 784 tur
400 747 443 783 ab
453 748 545 784 auris
568 747 703 784 dextrae
718 747 819 790 sede,
847 747 1042 786 defleeiunt
1062 760 1126 797 per
1145 748 1274 785 faciem
1295 760 1498 786 convexam
1520 752 1536 796 (
1551 749 1606 796 h>
1629 751 1666 786 in
1686 755 1931 796 mucronem3'

323 807 359 843 ὃς
380 806 425 843 ad
450 806 617 844 eamdem
641 819 763 844 aurem
791 820 856 856 per
882 807 1011 845 faciem
1042 808 1186 857 planam
1212 808 1366 846 redeunt
1399 810 1448 857 (i
1458 809 1486 855 >.
1521 808 1591 846 Sed
1616 822 1731 859 prope
1761 823 1839 848 eam
1866 824 1926 849 au-

320 877 398 904 rem
420 867 531 915 inque
554 865 623 903 basi
644 866 807 916 plurimae
823 896 832 910 ,
871 880 935 905 cor
963 867 1204 905 cra-ssiffimum
1232 868 1393 905 reddunt
1406 880 1420 912 ,·
1452 870 1545 905 inter
1568 868 1664 906 basln
1689 882 1776 907 vero
1809 871 1845 907 &
1865 883 1927 909 au-

319 937 398 962 rem
422 925 544 963 multae
563 926 673 963 socias
699 927 930 976 relinquunt,
967 928 1001 963 ὃς
1033 929 1071 964 in
1103 939 1226 964 caveas
1258 928 1544 965 ventriculorum
1573 929 1748 972 tendunt,
1784 929 1925 968 muscus

319 983 376 1022 los
397 986 560 1023 internos
589 986 624 1022 &
647 986 854 1024 reticulatos
885 987 1037 1024 lacertos
1070 999 1193 1024 earum
1221 999 1411 1024 cavearum
1437 987 1632 1031 effeelurae,
1665 989 1762 1026 unde
1787 988 1849 1032 fit,
1884 996 1926 1029 ut

319 1043 438 1082 versus
474 1057 691 1083 mueronem
713 1046 835 1083 cordis
874 1058 997 1083 carnes
1012 1074 1022 1088 ,
1063 1046 1204 1088 multo,
1249 1058 1358 1095 quam
1386 1059 1502 1096 prope
1524 1047 1621 1085 basin
1641 1050 1824 1086 tenuiores
1843 1048 1921 1087 fint.

376 1102 429 1141 Ita
451 1116 538 1141 vero
559 1104 728 1142 videntur
743 1134 752 1149 ‚
787 1105 876 1142 mihi
906 1106 1080 1154 quidem,
1116 1105 1251 1142 diversa
1273 1105 1375 1143 strata
1396 1106 1558 1149 differre,
1596 1109 1727 1157 quibus
1751 1120 1815 1146 cor
1835 1120 1926 1147 cona

316 1164 487 1212 ponitur,
524 1171 564 1202 ut
588 1172 748 1202 extrema
774 1164 877 1202 strata
901 1166 937 1203 ἃ
962 1167 1089 1202 intima
1113 1165 1367 1214 obliquitatem
1392 1166 1491 1203 reftae
1514 1167 1614 1205 lineae
1635 1181 1653 1205 a
1677 1167 1745 1205 bafi
1771 1168 1814 1205 ad
1842 1181 1925 1207 mue

316 1233 468 1260 cronem
493 1223 605 1261 duclae
630 1226 844 1273 propiorem
870 1224 1086 1274 sequantur,
1119 1224 1246 1262 mediae
1275 1227 1367 1261 inter
1398 1227 1548 1263 extimas
1577 1228 1777 1264 &intimas
1807 1229 1924 1276 magis

315 1281 515 1320 transversae
539 1282 606 1319 sint
636 1284 725 1330 (k).
760 1283 875 1321 Porro
902 1286 939 1321 in
977 1283 1078 1332 septo
1112 1284 1232 1322 cordis
1264 1283 1360 1321 fibrae
1397 1284 1515 1322 dextri
1546 1286 1736 1323 ventriculi
1761 1289 1796 1322 δι
1824 1286 1925 1332 finis-⁴

315 1342 360 1378 tri
386 1343 480 1379 inter
504 1341 538 1379 se
558 1343 715 1380 invicem
737 1344 968 1385 intricantur,
1004 1345 1050 1380 ita
1071 1350 1213 1386 tamen,
1258 1352 1298 1381 ut
1327 1355 1420 1392 pene
1444 1343 1507 1380 fibi
1530 1345 1703 1394 parallelae
1731 1344 1797 1382 sint
1821 1344 1920 1391 (Ι),

312 1413 433 1450 neque
458 1401 501 1438 ad
524 1413 680 1449 magnos
703 1402 858 1451 angulos
883 1402 915 1440 se
948 1402 1076 1439 secent.
1111 1402 1286 1451 Denique
1306 1402 1402 1439 fibrae
1424 1402 1674 1442 musculorum
1692 1404 1920 1454 papillarium

311 1460 413 1498 rectae
434 1460 535 1503 sunt,
572 1461 608 1498 ἀ
630 1473 649 1498 a
676 1474 855 1500 mucrone
881 1461 999 1500 versus
1031 1462 1119 1499 ostia
1141 1461 1273 1500 venosa
1297 1461 1499 1512 resurgunt,

326 1572 357 1614 §-
395 1568 568 1608 ΧΧΙΙ.
636 1569 984 1614 ΕκΒοΒΕιιο-,
1020 1570 1337 1615 ὃτεΝοΝιο,
1372 1570 1743 1618 Vltussnuo,
1776 1571 1905 1622 [ΛΝ-ζ

807 1643 974 1676 elsio,
1009 1631 1177 1679 johanne
1213 1631 1406 1669 Tmou.

367 1737 509 1776 Primus
533 1738 562 1789 J.
595 1739 790 1790 Alphonsus
812 1740 838 1779 B
855 1754 877 1780 o
893 1754 948 1779 ni:
964 1754 1088 1780 Ltus
1105 1748 1187 1780 ante
1205 1741 1492 1785 Lowssnunh
1525 1754 1624 1781 anno
1657 1749 1779 1790 1657⁴
1799 1744 1920 1792 (ΜΝ

306 1797 366 1835 sed
387 1800 422 1835 in
452 1798 569 1835 bestiis
584 1826 593 1841 ,
643 1801 763 1837 cordis
789 1800 892 1838 fibras
920 1815 1063 1839 carneas
1088 1802 1257 1839 evolvere
1287 1809 1461 1844 conatus,
1506 1801 1632 1839 similia
1678 1803 1750 1839 fere
1785 1814 1914 1839 eorum

307 1860 469 1897 moriens
496 1858 663 1907 reliquit,
701 1871 779 1908 quae
797 1858 827 1896 L
842 1872 865 1896 o
880 1872 944 1896 WE
959 1873 1044 1897 Rus
1075 1860 1274 1902 docuerat,
1313 1859 1418 1897 fibras
1445 1871 1578 1909 nempe
1605 1861 1713 1898 redies
1733 1873 1751 1897 a
1775 1860 1845 1898 basi
1869 1860 1916 1898 ad

303 1928 525 1956 mucronem
558 1926 683 1956 euntes
700 1946 710 1963 ,
753 1919 788 1956 δι
810 1920 848 1956 in
869 1931 992 1958 caveas
1016 1919 1305 1959 ventriculorum
1335 1917 1482 1956 reflexas
1502 1931 1509 1956 :
1546 1926 1625 1957 turn
1646 1919 1721 1958 duo
1742 1919 1807 1958 alia
1831 1920 1913 1958 stra-

1879 1986 1914 2019 ta

307 2083 380 2120 5..'J
407 2083 438 2114 B.
467 2084 760 2116 Monoaowus
787 2082 1019 2124 AdversAnat.
1038 2085 1087 2117 ΙΙ.
1120 2086 1209 2117 anim
1237 2094 1262 2124 7.
1291 2082 1315 2124 J.
1345 2085 1639 2119 FAzwrouusl.
1671 2096 1694 2116 c.
1725 2095 1752 2123 p.
1782 2086 1850 2121 286·
1873 2085 1915 2117 R.

304 2124 379 2154 Vit
396 2135 418 2155 u
434 2136 469 2156 ss
487 2137 499 2156 Β
518 2137 537 2155 Ν
555 2137 567 2156 s
601 2137 689 2155 nom
686 2127 736 2155 lles
760 2127 936 2158 decouvertes
951 2126 1008 2168 sur
1034 2129 1057 2159 le
1080 2137 1156 2160 coeur
1185 2137 1212 2166 p.
1245 2134 1289 2166 38.
1323 2128 1421 2160 Vocat
1448 2138 1542 2159 ramos
1569 2127 1775 2165 intermedios,
1808 2126 1911 2166 quibus

303 2165 407 2196 duetus
431 2168 537 2197 carnosi
555 2169 780 2198 communicant

345 2208 526 2245 (g)Conf
560 2209 702 2238 Snrmc
733 2206 815 2238 T.1.
842 2219 869 2249 p.
901 2217 966 2247 198.

448 2248 666 2278 Cowriznl
692 2259 716 2279 c
739 2251 798 2280 tab.
834 2252 878 2284 ³6.
912 2251 929 2281 fi
963 2262 987 2283 ι.

445 2288 515 2358 ιέῑᾱ
543 2289 561 2318 f
586 2301 610 2319 2
634 2289 676 2319 Ita
694 2289 754 2360 gere
773 2290 964 2361 defferipfitC
988 2293 1322 2328 EAM-nonnus
1348 2294 1463 2327 Thana
1483 2295 1515 2328 F.
1538 2292 1686 2336 inspecim
1705 2301 1781 2328 anat.
1803 2304 1832 2335 p.
1858 2297 1911 2335 64.

480 2339 499 2359 ο
513 2341 535 2359 νν
553 2340 568 2359 i>
584 2340 597 2360 a
613 2341 629 2360 R
659 2337 690 2359 ta
746 2335 781 2368 36
859 2341 880 2370 4

442 2369 552 2444 {nni
583 2371 614 2402 in
644 2371 777 2404 omnibus
812 2373 918 2413 figuris.

489 2421 504 2443 c

376 2248 393 2275 h

377 2289 387 2316 i

372 2331 390 2357 k

376 2370 388 2397 l

342 2248 356 2448 ΑΛΛΑΛ

413 2248 424 2281 )

410 2290 421 2324 )

415 2334 422 2362 )

406 2370 418 2404 >

408 2411 423 2447 )

366 2419 396 2440 In
