2003 2748
491 127 871 175 'SEC'T.IV.
936 133 1225 178 ADEPS.
1599 135 1658 184 '49‘

70 225 206 268 'duliam
232 229 270 266 in
291 226 444 268 officulis
478 231 616 270 auditui
641 231 765 270 dicatis
782 259 792 274 ,
827 234 975 271 cervino
1002 244 1138 275 cornu,
1183 231 1319 270 cellulis
1345 231 1455 270 cranii
1476 230 1657 282 elephanti

70 289 207 327 nullam
233 290 381 338 reperiri
411 290 611 338 objiciunt:
647 292 701 328 uti
726 292 823 328 enim
852 291 897 329 de
921 291 1078 329 medulla
1099 294 1136 328 in
1160 292 1282 340 glebas
1310 292 1455 329 collecta
1480 291 1557 329 haec
1572 289 1656 329 ‘vera

70 348 175 391 fimt,
217 356 339 386 tamen
371 349 406 385 Sc
435 349 673 387 rubicundior
704 349 762 386 illa
796 350 832 386 &
865 350 1011 388 fluidior
1046 350 1173 389 ollium
1205 352 1415 389 breviorum
1443 351 1658 401 spongioso-

71 419 251 457 rumque,
275 408 310 444 ὃς
334 407 557 457 epiphyfium
573 408 727 457 gelatina
745 437 754 451 ,
785 409 952 448 medullae
976 412 1128 448 nomine
1153 413 1275 453 venit,
1309 411 1345 448 ἃ
1374 423 1412 447 ea
1426 411 1576 459 perinde
1593 423 1657 460 pet·

72 465 106 504 R
119 479 141 503 u
155 479 177 503 Y
193 479 206 503 s
222 479 242 503 c
259 479 284 504 u
303 478 315 502 1
334 478 345 502 1
382 466 647 505 observationes
660 496 669 511 ‚
707 470 745 506 in
766 478 930 508 naturam
952 469 1025 507 sebi
1047 471 1084 507 in
1105 469 1299 519 sepulchris
1324 468 1444 507 transit
1459 498 1468 512 ‚
1506 483 1658 520 eamque

73 526 117 563 ab
143 526 219 563 ullo
247 523 318 562 offe
351 524 464 563 abesse
493 529 554 564 vix
581 527 805 566 crediderim.
856 528 928 566 Alii
952 536 1088 577 negant
1117 529 1274 566 alibilem
1303 539 1466 569 naturam
1490 528 1659 567 medsllae

74 575 141 622 else
161 611 171 626 ‚
210 583 312 633 quod
338 584 456 622 oleosa
482 588 563 634 (c)
586 586 648 630 fit,
683 586 808 626 succus
827 600 915 626 vero
939 589 1109 626 nutritius
1136 588 1180 625 de
1202 588 1365 637 gelatinae
1392 588 1524 626 indole.
1571 588 1660 626 Haec

72 641 163 681 mihi
188 644 313 692 utique
337 647 428 684 ratio
457 646 532 683 vim
560 646 691 684 habere
723 647 888 690 videtur,
922 646 948 684 fi
985 648 1030 685 de
1058 647 1199 696 glutine
1226 648 1425 697 reparando
1450 647 1566 685 sermo
1593 647 1658 690 sit,

73 702 176 752 quod
194 702 372 744 elementa
388 703 516 742 offium
536 712 648 744 terrea
669 708 769 750 unit,
792 708 827 744 δε
849 709 951 755 cujus
975 719 1055 757 pars
1072 709 1188 755 major
1208 719 1298 757 aqua
1318 707 1376 744 est.
1415 707 1534 755 Magis
1554 708 1662 744 etiam

72 761 268 802 medullam
291 774 368 803 non
397 765 535 801 nutrire
554 765 809 814 persuademur
823 795 833 810 ‚
865 767 967 817 quod
996 767 1041 804 de
1065 767 1262 812 crudorum
1285 766 1485 809 humorum
1503 779 1658 815 genere,

73 820 244 871 acidaque
273 820 338 864 sit,
380 824 418 860 in
448 822 580 864 ostibus
608 837 695 863 vero
725 825 828 864 nullo
856 829 1108 876 experimento
1130 827 1222 867 acidi
1246 826 1446 877 quidquam
1468 825 1658 875 adpareat,

73 886 114 918 ut
138 881 177 919 in
200 880 298 918 libro
325 881 364 918 de
388 884 582 921 nutritione
610 885 851 934 ostendetur(
867 886 934 933 d),

131 939 208 991 guia
232 940 363 980 utilitas
387 941 555 981 medullae
582 942 650 981 effe
669 944 836 988 videtur,
875 952 916 984 ut
946 958 1010 996 per
1037 953 1185 985 tenuem
1211 945 1478 995 cartilagineam
1508 942 1663 985 crustam

76 997 260 1048 epiphyses
281 999 521 1040 oblinientem
542 1002 737 1042 tranffudet
758 1032 768 1047 ‚
808 1005 1080 1056 seque41iquido
1109 1006 1287 1044 articulari
1317 1006 1482 1048 misceat,
1517 1004 1662 1054 ejusque

73 1063 214 1107 partem
234 1057 391 1096 oleosam
414 1067 542 1108 augeat
565 1062 655 1109 (e).
692 1061 782 1100 Non
810 1065 944 1113 ignoro
967 1064 1068 1103 fuiffe
1096 1065 1150 1104 Cl.
1178 1065 1288 1103 Viros
1304 1094 1313 1108 ,
1344 1067 1406 1115 qui
1428 1064 1548 1102 nolint
1570 1064 1663 1101 hanc

75 1115 395 1157 tranffudationem
405 1119 592 1159 admittere
609 1119 687 1169 (f).
717 1120 856 1160 Verum
870 1125 1025 1162 omn-ino
1038 1125 1194 1163 medulla
1206 1125 1420 1162 cadaverum
1436 1123 1587 1173 perinde
1600 1135 1664 1172 per

77 1169 341 1224 carfilagineam
354 1178 505 1215 crustam
522 1179 690 1222 exsudat,
725 1193 880 1231 eamque
903 1182 1079 1221 flavedine
1098 1183 1156 1221 sua
1173 1186 1301 1232 tingit,
1329 1185 1498 1232 viamque
1515 1183 1606 1224 adeo
1619 1182 1664 1222 ad

76 1246 221 1273 caveam
241 1235 380 1273 articuli
405 1237 561 1285 patulam
576 1238 675 1278 naela
701 1240 759 1276 est.
794 1240 941 1279 Deinde
962 1242 1030 1291 Cl„
1046 1243 1136 1283 olim
1163 1245 1299 1280 amicus
1320 1243 1440 1281 noster
1463 1241 1666 1290 Benedidus'

76 1293 100 1331 S
112 1305 136 1330 T
150 1305 173 1329 A
184 1305 204 1330 E
217 1305 242 1330 H
254 1306 273 1331 E
288 1306 308 1330 L
325 1306 336 1330 1
351 1306 377 1331 N
392 1307 412 1334 υ
428 1308 442 1332 s
461 1296 551 1336 vidit
563 1326 572 1340 ‚
605 1299 760 1336 rubrum
776 1299 957 1350 liquorem
970 1330 979 1344 ‚
1005 1303 1044 1340 in
1061 1315 1170 1353 quem
1183 1303 1354 1351 cartilago
1372 1300 1585 1351 epiphyseos
1598 1302 1666 1341 itu-

74 1351 173 1390 miffa
194 1352 319 1395 fuerat,
337 1362 523 1402 penetrare
549 1369 614 1406 per
634 1357 672 1397 ‘id
697 1360 918 1398 munimenti
936 1374 1053 1410 genus
1067 1391 1076 1404 ,
1112 1374 1179 1412 per
1205 1361 1345 1411 amplos
1369 1358 1523 1399 omnino
1544 1359 1640 1399 smus
1653 1388 1663 1402 .

74 1413 186 1461 inque
205 1411 372 1450 medUflae
396 1426 541 1455 caveam
561 1416 594 1454 se
613 1424 801 1466 penetrare
814 1447 824 1462 ‚
853 1422 1011 1460 omnino
1032 1429 1073 1459 ut
1085 1434 1149 1471 per
1163 1433 1323 1459 ovorum
1345 1420 1446 1458 testas
1472 1419 1581 1457 solet:
1609 1419 1668 1459 id-

72 1483 144 1521 que
167 1473 458 1521 experimentum
478 1477 629 1516 memini
647 1478 764 1516 virum
796 1479 1117 1527 praestantiffimum
1156 1481 1246 1518 olim
1275 1483 1314 1520 in
1345 1480 1457 1517 literis
1477 1479 1567 1520 mihi
1583 1491 1667 1528 ape-

75 1528 189 1568 ruisse.
233 1529 277 1567 In
300 1533 386 1580 equi
416 1532 571 1570 humero
602 1536 638 1571 δι
665 1535 805 1574 femore
830 1538 1046 1587 conspicuos
1071 1552 1184 1588 poros
1209 1539 1374 1579 describit
1406 1539 1549 1585 Clopton
1576 1537 1667 1577 HA-

79 1601 135 1626 vu
151 1601 223 1631 RS,
259 1590 322 1638 qui
347 1602 366 1627 a
392 1591 548 1629 medulla
567 1593 612 1629 ad
642 1605 787 1632 caveam
817 1595 965 1645 capsulae
998 1599 1191 1636 articularis
1216 1599 1356 1637 ducunt
1389 1599 1485 1646 (g).
1534 1595 1581 1634 Ea
1610 1598 1667 1635 via

77 1646 191 1685 credit
206 1646 257 1683 Ill.
291 1647 314 1684 S
329 1660 349 1685 E
364 1659 390 1685 N
405 1660 428 1685 A
441 1661 462 1687 c
477 1662 497 1686 u
513 1663 528 1687 s
546 1652 710 1691 animalia
724 1664 790 1701 per
809 1652 950 1694 labores
972 1657 1145 1695 &itinera
1162 1657 1359 1697 medullam
1375 1658 1536 1697 amittere
1563 1657 1582 1703 (
1596 1655 1618 1692 h
1631 1657 1662 1701 ,).

132 1704 311 1744 Utilitates
337 1706 450 1757 adipis
476 1713 793 1755 enumeravimus,
828 1713 987 1764 sequitur
1013 1724 1054 1755 ut
1082 1717 1197 1767 aliqua
1223 1718 1306 1755 vitia
1335 1718 1410 1764 ejus
1429 1716 1585 1753 materiae
1607 1727 1670 1756 ex-

72 1776 266 1815 ponamus.
303 1765 449 1816 Nempe
469 1767 552 1806 suus
566 1770 662 1819 adipi
679 1771 813 1809 modus
832 1773 902 1816 est,
934 1787 1045 1824 quem
1062 1776 1104 1813 ad
1130 1777 1212 1814 odio
1228 1777 1332 1814 libras
1354 1775 1407 1814 Cl.
1430 1777 1496 1813 viri
1511 1776 1548 1812 in
1568 1773 1669 1812 adul-

73 1831 113 1878 to
139 1824 402 1869 constituerunt
421 1828 438 1880 ζ
456 1827 515 1880 i).
558 1827 653 1873 Eum
681 1830 836 1873 modum
848 1832 1043 1885 aliquando
1063 1837 1104 1877 K&
1127 1837 1296 1881 homines
1316 1836 1508 1889 superant,
1532 1836 1569 1878 δε
1595 1835 1669 1875 ani-

1541 1901 1644 1940 malia
1657 1930 1669 1946 .,

115 1990 178 2028 (c)
201 1991 305 2023 (ἕως
322 2003 334 2024 s
349 2004 366 2024 ο
384 2002 403 2024 Ν
431 1997 465 2026 de
486 1998 588 2028 rachit.
608 2008 639 2038 p.
668 2009 735 2036 117.

115 2033 187 2069 (d)
211 2033 245 2063 In
267 2033 372 2065 offibus
388 2036 520 2068 humanis
536 2041 612 2077 apud
640 2040 670 2071 C.
695 2043 723 2071 N
737 2053 752 2073 ι
767 2053 788 2073 υ
803 2055 826 2074 u
843 2054 863 2075 A
877 2055 900 2075 N
913 2055 970 2076 NU
983 2058 1004 2077 M
1037 2046 1082 2083 (l.
1100 2057 1124 2077 c.
1140 2057 1167 2085 p.
1189 2048 1305 2086 1244.)
1338 2049 1366 2078 in
1392 2047 1506 2080 bubuh’s's
1529 2050 1604 2089 apud
1626 2049 1670 2082 Cl.

76 2071 142 2103 MA
159 2082 274 2108 equa
291 2084 308 2103 n
339 2077 431 2124 chym.
454 2085 530 2115 prat.
565 2080 600 2110 T.
627 2081 662 2111 ΙΙ,
686 2092 712 2120 p.
735 2090 803 2122 478.
835 2087 861 2116 δι
886 2087 1038 2118 Naum
1057 2099 1076 2117 Ν
1093 2098 1186 2118 NUM
1213 2089 1263 2124 (l.
1292 2100 1315 2120 c.
1337 2100 1364 2128 p.
1391 2099 1477 2128 1250.
1499 2092 1511 2127 )
1536 2093 1565 2121 in
1595 2092 1672 2122 cervi

74 2113 224 2144 cornubus
250 2115 325 2152 apud
354 2116 375 2147 h
389 2127 407 2147 U
421 2129 441 2147 M
457 2129 475 2147 u
489 2130 503 2148 E
519 2131 541 2149 M
569 2130 595 2158 p.
626 2132 713 2158 ³24²-
736 2126 763 2154 ἃ
779 2127 810 2161 J.
832 2129 997 2156 Com-adum
1020 2129 1040 2159 B
1054 2140 1072 2158 A
1092 2140 1107 2159 a
1121 2140 1138 2159 c
1156 2140 1174 2159 Η
1188 2140 1209 2159 H
1224 2141 1243 2160 u
1258 2140 1269 2161 s
1286 2141 1331 2160 EN
1354 2131 1371 2160 l.
1390 2141 1414 2161 c.
1439 2139 1498 2168 exp.
1526 2143 1549 2167 ς.
1567 2134 1594 2161 in
1614 2142 1673 2164 oar-

74 2153 194 2201 fflagine
216 2155 336 2186 vitulina
359 2159 434 2195 apud
459 2159 480 2189 E
495 2169 517 2190 υ
532 2171 554 2190 M
568 2171 587 2191 D
603 2172 618 2192 iz
634 2174 655 2192 M
691 2172 749 2201 exp.
775 2175 821 2202 14.
849 2168 875 2197 ἃ
901 2169 929 2197 in
958 2170 1069 2206 ungulis
1088 2171 1152 2209 equi
1184 2181 1249 2209 exp.
1267 2181 1315 2202 20.
1340 2172 1445 2211 ubique
1466 2173 1578 2204 nullum
1600 2172 1672 2204 acidi

77 2195 231 2231 vestigium
248 2205 391 2234 repertum
408 2200 507 2232 exstat.

119 2234 186 2270 (e)
211 2237 323 2274 Clopton
349 2239 534 2272 HAvuns
566 2240 702 2283 discours}
730 2253 755 2283 3..
786 2247 970 2279 comm.
995 2251 1124 2290 chirurg.
1149 2262 1178 2291 p.
1200 2263 1245 2293 32.
1271 2254 1325 2285 &a

119 2274 681 2316 (f)GRUTzMAcnukn.2o.

117 2317 197 2403 ἓξὲξ
215 2316 238 2388 ιὲ
253 2328 336 2390 §.aa
355 2369 373 2390 e
396 2362 431 2392 ad
459 2363 509 2408 lit
525 2374 542 2394 ι
558 2374 577 2394 τ
596 2376 604 2394 ¹
620 2376 643 2396 N
670 2368 751 2407 osteol.
780 2381 806 2410 p.
836 2372 886 2402 ὄπ.

121 2397 183 2433 (zi
205 2399 266 2436 Qu
282 2411 296 2430 Β
314 2411 327 2431 s
345 2411 365 2430 Ν
381 2412 397 2431 A
417 2413 438 2432 Y
456 2410 510 2442 ,μιν
537 2408 564 2434 ln
583 2405 694 2445 fizigne‘e
716 2412 784 2443 edit.
820 2423 887 2445 nov.
912 2424 940 2453 p.
973 2424 1039 2455 145.

172 2441 300 2482 Haller
321 2445 509 2496 Phyfiolog.
545 2450 653 2490 Tom.
681 2453 708 2491 I.
1259 2463 1295 2504 G
