<?xml version="1.0" encoding="UTF-8"?>
<!DOCTYPE html PUBLIC "-//W3C//DTD XHTML 1.0 Transitional//EN"
    "http://www.w3.org/TR/xhtml1/DTD/xhtml1-transitional.dtd">
<html xmlns="http://www.w3.org/1999/xhtml" xml:lang="en" lang="en">
 <head>
  <title>
</title>
<meta http-equiv="Content-Type" content="text/html;charset=utf-8" />
  <meta name='ocr-system' content='tesseract 3.04.00' />
  <meta name='ocr-capabilities' content='ocr_page ocr_carea ocr_par ocr_line ocrx_word'/>
</head>
<body>
  <div class='ocr_page' id='page_1' title='image "./elementaphysiolo01hall_0027.png"; bbox 0 0 2003 2748; ppageno 0'>
   <div class='ocr_carea' id='block_1_1' title="bbox 816 153 998 209">
    <p class='ocr_par' dir='ltr' id='par_1_1' title="bbox 816 153 998 209">
     <span class='ocr_line' id='line_1_1' title="bbox 816 153 998 209; baseline -0.027 0"><span class='ocrx_word' id='word_1_1' title='bbox 816 153 998 209; x_wconf 54' lang='lat'><strong>5⁷1)</strong></span> 
     </span>
    </p>
   </div>
   <div class='ocr_carea' id='block_1_2' title="bbox 112 256 1714 302">
    <p class='ocr_par' dir='ltr' id='par_1_2' title="bbox 112 256 1714 302">
     <span class='ocr_line' id='line_1_2' title="bbox 112 256 1714 302; baseline 0 2446"><span class='ocrx_word' id='word_1_2' title='bbox 112 256 1714 302; x_wconf 95' lang='lat' dir='ltr'><strong> </strong></span> 
     </span>
    </p>
   </div>
   <div class='ocr_carea' id='block_1_3' title="bbox 139 356 1678 425">
    <p class='ocr_par' dir='ltr' id='par_1_3' title="bbox 139 356 1678 425">
     <span class='ocr_line' id='line_1_3' title="bbox 139 356 1678 425; baseline -0.003 -5"><span class='ocrx_word' id='word_1_3' title='bbox 139 356 929 423; x_wconf 79' lang='lat' dir='ltr'><strong>ELEMENTORUM</strong></span> <span class='ocrx_word' id='word_1_4' title='bbox 984 356 1678 425; x_wconf 84' lang='lat' dir='ltr'><strong>PHYSIOLOGIAE</strong></span> 
     </span>
    </p>
   </div>
   <div class='ocr_carea' id='block_1_4' title="bbox 546 499 1268 539">
    <p class='ocr_par' dir='ltr' id='par_1_4' title="bbox 546 499 1268 539">
     <span class='ocr_line' id='line_1_4' title="bbox 546 499 1268 539; baseline -0.001 0"><span class='ocrx_word' id='word_1_5' title='bbox 546 499 824 539; x_wconf 87' lang='lat' dir='ltr'><em>LIBER</em></span> <span class='ocrx_word' id='word_1_6' title='bbox 902 500 1268 539; x_wconf 86' lang='lat' dir='ltr'><em>PRIMUS.</em></span> 
     </span>
    </p>
   </div>
   <div class='ocr_carea' id='block_1_5' title="bbox 310 618 1502 673">
    <p class='ocr_par' dir='ltr' id='par_1_5' title="bbox 310 618 1502 673">
     <span class='ocr_line' id='line_1_5' title="bbox 310 618 1502 673; baseline -0.003 -11"><span class='ocrx_word' id='word_1_7' title='bbox 310 619 690 673; x_wconf 72' lang='lat' dir='ltr'>CORPORIS</span> <span class='ocrx_word' id='word_1_8' title='bbox 740 618 1041 663; x_wconf 85' lang='lat' dir='ltr'><strong>HUMANI</strong></span> <span class='ocrx_word' id='word_1_9' title='bbox 1090 618 1502 661; x_wconf 85' lang='lat' dir='ltr'><strong>ELEMENTA.</strong></span> 
     </span>
    </p>
   </div>
   <div class='ocr_carea' id='block_1_6' title="bbox 101 754 1719 884">
    <p class='ocr_par' dir='ltr' id='par_1_6' title="bbox 101 754 1719 884">
     <span class='ocr_line' id='line_1_6' title="bbox 101 754 1719 884; baseline 0.001 -87"><span class='ocrx_word' id='word_1_10' title='bbox 101 754 385 884; x_wconf 46' lang='grc' dir='ltr'><strong>ῗξξξῖ-ῈΞΗ</strong></span> <span class='ocrx_word' id='word_1_11' title='bbox 406 757 469 798; x_wconf 88' lang='lat' dir='ltr'><strong>On</strong></span> <span class='ocrx_word' id='word_1_12' title='bbox 506 767 708 797; x_wconf 82' lang='lat' dir='ltr'>contemno</span> <span class='ocrx_word' id='word_1_13' title='bbox 740 757 890 808; x_wconf 89' lang='lat' dir='ltr'><strong>quidem</strong></span> <span class='ocrx_word' id='word_1_14' title='bbox 926 758 1093 797; x_wconf 84' lang='lat' dir='ltr'>ordinem</span> <span class='ocrx_word' id='word_1_15' title='bbox 1114 788 1124 802; x_wconf 98' lang='lat'>,</span> <span class='ocrx_word' id='word_1_16' title='bbox 1159 760 1221 809; x_wconf 88' lang='lat' dir='ltr'><strong>qui</strong></span> <span class='ocrx_word' id='word_1_17' title='bbox 1254 759 1389 797; x_wconf 58' lang='lat' dir='ltr'><strong>auftori</strong></span> <span class='ocrx_word' id='word_1_18' title='bbox 1424 760 1548 808; x_wconf 80' lang='lat' dir='ltr'><strong>magni</strong></span> <span class='ocrx_word' id='word_1_19' title='bbox 1583 758 1719 799; x_wconf 72' lang='lat' dir='ltr'><strong>laboris</strong></span> 
     </span>
    </p>
   </div>
   <div class='ocr_carea' id='block_1_7' title="bbox 365 818 1718 928">
    <p class='ocr_par' dir='ltr' id='par_1_7' title="bbox 365 818 1718 928">
     <span class='ocr_line' id='line_1_7' title="bbox 417 818 1717 869; baseline 0.002 -14"><span class='ocrx_word' id='word_1_20' title='bbox 417 819 678 869; x_wconf 83' lang='lat' dir='ltr'>compendium</span> <span class='ocrx_word' id='word_1_21' title='bbox 706 819 818 861; x_wconf 83' lang='lat' dir='ltr'><strong>facit,</strong></span> <span class='ocrx_word' id='word_1_22' title='bbox 857 821 1000 868; x_wconf 81' lang='lat' dir='ltr'><strong>quoties</strong></span> <span class='ocrx_word' id='word_1_23' title='bbox 1027 832 1066 856; x_wconf 86' lang='lat' dir='ltr'><strong>ea</strong></span> <span class='ocrx_word' id='word_1_24' title='bbox 1091 821 1214 856; x_wconf 86' lang='lat' dir='ltr'><strong>omnia</strong></span> <span class='ocrx_word' id='word_1_25' title='bbox 1234 831 1304 856; x_wconf 83' lang='lat' dir='ltr'><strong>una</strong></span> <span class='ocrx_word' id='word_1_26' title='bbox 1333 818 1443 856; x_wconf 85' lang='lat' dir='ltr'><strong>literis</strong></span> <span class='ocrx_word' id='word_1_27' title='bbox 1474 820 1602 861; x_wconf 84' lang='lat' dir='ltr'><strong>tradit,</strong></span> <span class='ocrx_word' id='word_1_28' title='bbox 1637 831 1717 869; x_wconf 76' lang='lat' dir='ltr'><strong>quae</strong></span> 
     </span>
     <span class='ocr_line' id='line_1_8' title="bbox 365 877 1718 928; baseline -0.001 -12"><span class='ocrx_word' id='word_1_29' title='bbox 365 885 385 908; x_wconf 40' lang='grc' dir='ltr'><strong>λζ</strong></span> <span class='ocrx_word' id='word_1_30' title='bbox 417 879 461 916; x_wconf 81' lang='lat' dir='ltr'><strong>ad</strong></span> <span class='ocrx_word' id='word_1_31' title='bbox 497 879 596 917; x_wconf 85' lang='lat' dir='ltr'><strong>idem</strong></span> <span class='ocrx_word' id='word_1_32' title='bbox 624 886 881 928; x_wconf 82' lang='lat' dir='ltr'>argumentum</span> <span class='ocrx_word' id='word_1_33' title='bbox 904 880 1093 928; x_wconf 81' lang='lat' dir='ltr'><strong>pertinent.</strong></span> <span class='ocrx_word' id='word_1_34' title='bbox 1148 877 1196 916; x_wconf 81' lang='lat' dir='ltr'><strong>Ea</strong></span> <span class='ocrx_word' id='word_1_35' title='bbox 1227 879 1324 915; x_wconf 88' lang='lat' dir='ltr'><strong>enim</strong></span> <span class='ocrx_word' id='word_1_36' title='bbox 1351 885 1480 915; x_wconf 90' lang='lat' dir='ltr'><strong>mutuo</strong></span> <span class='ocrx_word' id='word_1_37' title='bbox 1504 878 1537 915; x_wconf 88' lang='lat' dir='ltr'><strong>se</strong></span> <span class='ocrx_word' id='word_1_38' title='bbox 1561 877 1718 916; x_wconf 82' lang='lat' dir='ltr'><strong>fulciunt</strong></span> 
     </span>
    </p>
   </div>
   <div class='ocr_carea' id='block_1_8' title="bbox 103 904 1718 1052">
    <p class='ocr_par' dir='ltr' id='par_1_8' title="bbox 103 904 1718 1052">
     <span class='ocr_line' id='line_1_9' title="bbox 135 904 156 924; baseline 0 -8"><span class='ocrx_word' id='word_1_39' title='bbox 135 904 156 924; x_wconf 34' lang='grc' dir='ltr'>φ</span> 
     </span>
     <span class='ocr_line' id='line_1_10' title="bbox 103 910 1718 1038; baseline -0.001 -63"><span class='ocrx_word' id='word_1_40' title='bbox 103 911 157 1038; x_wconf 57' lang='grc' dir='ltr'><strong>ΕΣ</strong></span> <span class='ocrx_word' id='word_1_41' title='bbox 183 985 213 989; x_wconf 65' lang='lat'><strong>.,</strong></span> <span class='ocrx_word' id='word_1_42' title='bbox 274 986 303 989; x_wconf 19' lang='lat' dir='ltr'>U</span> <span class='ocrx_word' id='word_1_43' title='bbox 343 910 386 1037; x_wconf 43' lang='grc' dir='ltr'><strong>ἦ</strong></span> <span class='ocrx_word' id='word_1_44' title='bbox 419 939 453 975; x_wconf 86' lang='lat'>&amp;</span> <span class='ocrx_word' id='word_1_45' title='bbox 490 938 669 976; x_wconf 81' lang='lat' dir='ltr'><strong>declarant</strong></span> <span class='ocrx_word' id='word_1_46' title='bbox 689 968 699 981; x_wconf 86' lang='lat'><strong>,</strong></span> <span class='ocrx_word' id='word_1_47' title='bbox 738 938 906 976; x_wconf 81' lang='lat' dir='ltr'><strong>scribenti</strong></span> <span class='ocrx_word' id='word_1_48' title='bbox 944 950 1030 975; x_wconf 90' lang='lat' dir='ltr'><strong>vero</strong></span> <span class='ocrx_word' id='word_1_49' title='bbox 1067 937 1272 974; x_wconf 78' lang='lat' dir='ltr'><strong>facilitatem</strong></span> <span class='ocrx_word' id='word_1_50' title='bbox 1302 938 1467 986; x_wconf 72' lang='lat' dir='ltr'><strong>praestant</strong></span> <span class='ocrx_word' id='word_1_51' title='bbox 1500 937 1718 986; x_wconf 85' lang='lat' dir='ltr'><strong>disponendi</strong></span> 
     </span>
     <span class='ocr_line' id='line_1_11' title="bbox 113 986 1717 1052; baseline 0.001 -18"><span class='ocrx_word' id='word_1_52' title='bbox 113 986 355 1030; x_wconf 38' lang='lat' dir='ltr'><strong>‚essfflww</strong></span> <span class='ocrx_word' id='word_1_53' title='bbox 421 997 592 1035; x_wconf 85' lang='lat' dir='ltr'><strong>sermonis</strong></span> <span class='ocrx_word' id='word_1_54' title='bbox 608 1026 617 1041; x_wconf 91' lang='lat'><em>‚</em></span> <span class='ocrx_word' id='word_1_55' title='bbox 649 998 751 1052; x_wconf 91' lang='lat' dir='ltr'><strong>quod</strong></span> <span class='ocrx_word' id='word_1_56' title='bbox 772 1000 813 1035; x_wconf 90' lang='lat' dir='ltr'><strong>iis</strong></span> <span class='ocrx_word' id='word_1_57' title='bbox 841 999 1012 1036; x_wconf 84' lang='lat' dir='ltr'><strong>omnibus</strong></span> <span class='ocrx_word' id='word_1_58' title='bbox 1039 998 1295 1047; x_wconf 82' lang='lat' dir='ltr'><strong>experimentis</strong></span> <span class='ocrx_word' id='word_1_59' title='bbox 1319 997 1356 1034; x_wconf 89' lang='lat'>&amp;</span> <span class='ocrx_word' id='word_1_60' title='bbox 1385 997 1586 1035; x_wconf 77' lang='lat' dir='ltr'><strong>rationibus</strong></span> <span class='ocrx_word' id='word_1_61' title='bbox 1611 996 1717 1040; x_wconf 83' lang='lat' dir='ltr'><strong>suum</strong></span> 
     </span>
    </p>
   </div>
   <div class='ocr_carea' id='block_1_9' title="bbox 334 960 354 980">
    <p class='ocr_par' dir='ltr' id='par_1_9' title="bbox 334 960 354 980">
     <span class='ocr_line' id='line_1_12' title="bbox 334 960 354 980; textangle 90"><span class='ocrx_word' id='word_1_62' title='bbox 334 960 354 980; x_wconf 53' lang='grc' dir='ltr'><strong>’ἑ</strong></span> 
     </span>
    </p>
   </div>
   <div class='ocr_carea' id='block_1_10' title="bbox 102 1013 1781 2409">
    <p class='ocr_par' dir='ltr' id='par_1_10' title="bbox 102 1013 960 1106">
     <span class='ocr_line' id='line_1_13' title="bbox 234 1013 379 1038; baseline 0 0"><span class='ocrx_word' id='word_1_63' title='bbox 234 1013 379 1038; x_wconf 44' lang='lat' dir='ltr'><strong>em&amp;</strong></span> 
     </span>
     <span class='ocr_line' id='line_1_14' title="bbox 102 1056 960 1106; baseline 0 -12"><span class='ocrx_word' id='word_1_64' title='bbox 102 1056 232 1094; x_wconf 76' lang='lat' dir='ltr'><strong>locum</strong></span> <span class='ocrx_word' id='word_1_65' title='bbox 257 1056 463 1105; x_wconf 77' lang='lat' dir='ltr'><strong>adsignant,</strong></span> <span class='ocrx_word' id='word_1_66' title='bbox 498 1069 737 1106; x_wconf 70' lang='lat' dir='ltr'><strong>quaecumque</strong></span> <span class='ocrx_word' id='word_1_67' title='bbox 763 1057 960 1105; x_wconf 75' lang='lat' dir='ltr'><strong>collegerit.</strong></span> 
     </span>
    </p>

    <p class='ocr_par' dir='ltr' id='par_1_11' title="bbox 103 1115 1773 1937">
     <span class='ocr_line' id='line_1_15' title="bbox 164 1115 1717 1166; baseline 0 -13"><span class='ocrx_word' id='word_1_68' title='bbox 164 1116 297 1165; x_wconf 83' lang='lat' dir='ltr'><strong>Neque</strong></span> <span class='ocrx_word' id='word_1_69' title='bbox 330 1123 450 1152; x_wconf 77' lang='lat' dir='ltr'><strong>tamen</strong></span> <span class='ocrx_word' id='word_1_70' title='bbox 479 1116 570 1153; x_wconf 82' lang='lat' dir='ltr'><strong>adeo</strong></span> <span class='ocrx_word' id='word_1_71' title='bbox 596 1116 853 1165; x_wconf 84' lang='lat' dir='ltr'><strong>superstitiosus</strong></span> <span class='ocrx_word' id='word_1_72' title='bbox 879 1117 1033 1161; x_wconf 88' lang='lat' dir='ltr'><strong>fuerim,</strong></span> <span class='ocrx_word' id='word_1_73' title='bbox 1069 1122 1110 1155; x_wconf 88' lang='lat' dir='ltr'><strong>ut</strong></span> <span class='ocrx_word' id='word_1_74' title='bbox 1139 1129 1157 1153; x_wconf 84' lang='lat' dir='ltr'><strong>a</strong></span> <span class='ocrx_word' id='word_1_75' title='bbox 1182 1116 1353 1166; x_wconf 84' lang='lat' dir='ltr'><strong>scriptore</strong></span> <span class='ocrx_word' id='word_1_76' title='bbox 1377 1115 1632 1166; x_wconf 84' lang='lat' dir='ltr'><strong>physiologico</strong></span> <span class='ocrx_word' id='word_1_77' title='bbox 1658 1127 1717 1154; x_wconf 62' lang='grc' dir='ltr'><strong>ομ</strong></span> 
     </span>
     <span class='ocr_line' id='line_1_16' title="bbox 104 1174 1719 1226; baseline 0.001 -15"><span class='ocrx_word' id='word_1_78' title='bbox 104 1174 230 1215; x_wconf 87' lang='lat' dir='ltr'><strong>dinem</strong></span> <span class='ocrx_word' id='word_1_79' title='bbox 260 1175 504 1214; x_wconf 76' lang='lat' dir='ltr'><strong>mathematici</strong></span> <span class='ocrx_word' id='word_1_80' title='bbox 528 1174 678 1212; x_wconf 82' lang='lat' dir='ltr'><strong>similem</strong></span> <span class='ocrx_word' id='word_1_81' title='bbox 702 1177 902 1224; x_wconf 77' lang='lat' dir='ltr'><strong>requiram,</strong></span> <span class='ocrx_word' id='word_1_82' title='bbox 936 1184 996 1213; x_wconf 83' lang='lat' dir='ltr'><strong>aut</strong></span> <span class='ocrx_word' id='word_1_83' title='bbox 1018 1175 1218 1226; x_wconf 85' lang='lat' dir='ltr'><strong>postulem,</strong></span> <span class='ocrx_word' id='word_1_84' title='bbox 1248 1184 1289 1213; x_wconf 79' lang='lat' dir='ltr'><strong>ut</strong></span> <span class='ocrx_word' id='word_1_85' title='bbox 1313 1175 1402 1213; x_wconf 87' lang='lat' dir='ltr'><strong>nihil</strong></span> <span class='ocrx_word' id='word_1_86' title='bbox 1428 1176 1627 1225; x_wconf 86' lang='lat' dir='ltr'><strong>quidquam</strong></span> <span class='ocrx_word' id='word_1_87' title='bbox 1651 1188 1719 1225; x_wconf 92' lang='lat' dir='ltr'><strong>po-</strong></span> 
     </span>
     <span class='ocr_line' id='line_1_17' title="bbox 104 1233 1773 1284; baseline -0.001 -13"><span class='ocrx_word' id='word_1_88' title='bbox 104 1241 193 1277; x_wconf 77' lang='lat' dir='ltr'><strong>nat,</strong></span> <span class='ocrx_word' id='word_1_89' title='bbox 228 1234 330 1283; x_wconf 90' lang='lat' dir='ltr'><strong>quod</strong></span> <span class='ocrx_word' id='word_1_90' title='bbox 359 1236 456 1283; x_wconf 85' lang='lat' dir='ltr'><strong>prius</strong></span> <span class='ocrx_word' id='word_1_91' title='bbox 491 1246 568 1271; x_wconf 88' lang='lat' dir='ltr'><strong>non</strong></span> <span class='ocrx_word' id='word_1_92' title='bbox 594 1233 635 1271; x_wconf 81' lang='lat' dir='ltr'><strong>fit</strong></span> <span class='ocrx_word' id='word_1_93' title='bbox 665 1235 884 1284; x_wconf 81' lang='lat' dir='ltr'><strong>explicatum</strong></span> <span class='ocrx_word' id='word_1_94' title='bbox 905 1263 915 1278; x_wconf 89' lang='lat'>‚</span> <span class='ocrx_word' id='word_1_95' title='bbox 953 1243 1013 1273; x_wconf 84' lang='lat' dir='ltr'><strong>aut</strong></span> <span class='ocrx_word' id='word_1_96' title='bbox 1044 1234 1338 1272; x_wconf 82' lang='lat' dir='ltr'><strong>demonstratum.</strong></span> <span class='ocrx_word' id='word_1_97' title='bbox 1389 1233 1541 1272; x_wconf 88' lang='lat' dir='ltr'><strong>Nemini</strong></span> <span class='ocrx_word' id='word_1_98' title='bbox 1574 1234 1720 1284; x_wconf 80' lang='lat' dir='ltr'><strong>phyfio-</strong></span> <span class='ocrx_word' id='word_1_99' title='bbox 1764 1261 1773 1270; x_wconf 94' lang='lat'><strong><em>.</em></strong></span> 
     </span>
     <span class='ocr_line' id='line_1_18' title="bbox 104 1292 1718 1343; baseline 0 -12"><span class='ocrx_word' id='word_1_100' title='bbox 104 1293 279 1342; x_wconf 85' lang='lat' dir='ltr'><strong>logorum</strong></span> <span class='ocrx_word' id='word_1_101' title='bbox 299 1293 335 1330; x_wconf 95' lang='lat' dir='ltr'><strong>id</strong></span> <span class='ocrx_word' id='word_1_102' title='bbox 355 1293 514 1331; x_wconf 82' lang='lat' dir='ltr'><strong>studium</strong></span> <span class='ocrx_word' id='word_1_103' title='bbox 530 1293 687 1331; x_wconf 83' lang='lat' dir='ltr'><strong>succeffit</strong></span> <span class='ocrx_word' id='word_1_104' title='bbox 701 1323 710 1336; x_wconf 90' lang='lat'>‚</span> <span class='ocrx_word' id='word_1_105' title='bbox 744 1303 784 1332; x_wconf 90' lang='lat' dir='ltr'><strong>ut</strong></span> <span class='ocrx_word' id='word_1_106' title='bbox 802 1307 886 1332; x_wconf 90' lang='lat' dir='ltr'><strong>eum</strong></span> <span class='ocrx_word' id='word_1_107' title='bbox 906 1295 1074 1332; x_wconf 78' lang='lat' dir='ltr'><strong>ord-inem</strong></span> <span class='ocrx_word' id='word_1_108' title='bbox 1096 1306 1229 1343; x_wconf 89' lang='lat' dir='ltr'><strong>purum</strong></span> <span class='ocrx_word' id='word_1_109' title='bbox 1246 1293 1379 1331; x_wconf 85' lang='lat' dir='ltr'><strong>servare</strong></span> <span class='ocrx_word' id='word_1_110' title='bbox 1396 1296 1567 1342; x_wconf 90' lang='lat' dir='ltr'><strong>potuerit.</strong></span> <span class='ocrx_word' id='word_1_111' title='bbox 1599 1292 1718 1342; x_wconf 83' lang='lat' dir='ltr'><strong>Hujus</strong></span> 
     </span>
     <span class='ocr_line' id='line_1_19' title="bbox 103 1352 1720 1403; baseline -0.001 -13"><span class='ocrx_word' id='word_1_112' title='bbox 103 1355 206 1391; x_wconf 81' lang='lat' dir='ltr'><strong>enim</strong></span> <span class='ocrx_word' id='word_1_113' title='bbox 224 1352 415 1402; x_wconf 79' lang='lat' dir='ltr'><strong>disciplinae</strong></span> <span class='ocrx_word' id='word_1_114' title='bbox 436 1353 618 1394; x_wconf 67' lang='lat' dir='ltr'><strong>auctorem</strong></span> <span class='ocrx_word' id='word_1_115' title='bbox 637 1354 791 1402; x_wconf 84' lang='lat' dir='ltr'><strong>plurima</strong></span> <span class='ocrx_word' id='word_1_116' title='bbox 817 1366 861 1390; x_wconf 82' lang='lat' dir='ltr'><strong>ex</strong></span> <span class='ocrx_word' id='word_1_117' title='bbox 881 1353 1034 1403; x_wconf 80' lang='lat' dir='ltr'><strong>physicis</strong></span> <span class='ocrx_word' id='word_1_118' title='bbox 1047 1384 1055 1397; x_wconf 89' lang='lat'><em>‚</em></span> <span class='ocrx_word' id='word_1_119' title='bbox 1083 1353 1253 1391; x_wconf 85' lang='lat' dir='ltr'><strong>chemicis</strong></span> <span class='ocrx_word' id='word_1_120' title='bbox 1271 1381 1280 1395; x_wconf 86' lang='lat'>‚</span> <span class='ocrx_word' id='word_1_121' title='bbox 1308 1354 1539 1396; x_wconf 84' lang='lat' dir='ltr'><strong>anatomicis,</strong></span> <span class='ocrx_word' id='word_1_122' title='bbox 1573 1352 1720 1402; x_wconf 86' lang='lat' dir='ltr'><strong>aliisque</strong></span> 
     </span>
     <span class='ocr_line' id='line_1_20' title="bbox 106 1411 1719 1463; baseline -0.001 -14"><span class='ocrx_word' id='word_1_123' title='bbox 106 1413 240 1450; x_wconf 83' lang='lat' dir='ltr'><strong>artibus</strong></span> <span class='ocrx_word' id='word_1_124' title='bbox 257 1420 417 1461; x_wconf 78' lang='lat' dir='ltr'><strong>repetere</strong></span> <span class='ocrx_word' id='word_1_125' title='bbox 436 1411 573 1450; x_wconf 84' lang='lat' dir='ltr'><strong>necesse</strong></span> <span class='ocrx_word' id='word_1_126' title='bbox 587 1413 661 1450; x_wconf 72' lang='lat' dir='ltr'><strong>est:</strong></span> <span class='ocrx_word' id='word_1_127' title='bbox 697 1425 816 1462; x_wconf 86' lang='lat' dir='ltr'><strong>neque</strong></span> <span class='ocrx_word' id='word_1_128' title='bbox 842 1412 905 1462; x_wconf 88' lang='lat' dir='ltr'><strong>ipfi</strong></span> <span class='ocrx_word' id='word_1_129' title='bbox 929 1416 1021 1451; x_wconf 83' lang='lat' dir='ltr'><strong>circa</strong></span> <span class='ocrx_word' id='word_1_130' title='bbox 1040 1413 1212 1463; x_wconf 80' lang='lat' dir='ltr'><strong>simplicia</strong></span> <span class='ocrx_word' id='word_1_131' title='bbox 1238 1424 1412 1461; x_wconf 83' lang='lat' dir='ltr'><strong>corpora,</strong></span> <span class='ocrx_word' id='word_1_132' title='bbox 1445 1424 1524 1461; x_wconf 83' lang='lat' dir='ltr'><strong>quae</strong></span> <span class='ocrx_word' id='word_1_133' title='bbox 1542 1411 1719 1449; x_wconf 82' lang='lat' dir='ltr'><strong>facillimae</strong></span> 
     </span>
     <span class='ocr_line' id='line_1_21' title="bbox 107 1471 1717 1522; baseline 0 -14"><span class='ocrx_word' id='word_1_134' title='bbox 107 1471 328 1513; x_wconf 73' lang='lat' dir='ltr'><strong>definitionis</strong></span> <span class='ocrx_word' id='word_1_135' title='bbox 357 1471 449 1514; x_wconf 83' lang='lat' dir='ltr'><strong>sint,</strong></span> <span class='ocrx_word' id='word_1_136' title='bbox 486 1473 593 1509; x_wconf 92' lang='lat' dir='ltr'><strong>unice</strong></span> <span class='ocrx_word' id='word_1_137' title='bbox 611 1471 738 1509; x_wconf 86' lang='lat' dir='ltr'><strong>versari</strong></span> <span class='ocrx_word' id='word_1_138' title='bbox 760 1472 845 1508; x_wconf 85' lang='lat' dir='ltr'><strong>licet</strong></span> <span class='ocrx_word' id='word_1_139' title='bbox 867 1500 875 1513; x_wconf 96' lang='lat'>‚</span> <span class='ocrx_word' id='word_1_140' title='bbox 908 1480 949 1510; x_wconf 91' lang='lat' dir='ltr'><strong>ut</strong></span> <span class='ocrx_word' id='word_1_141' title='bbox 972 1483 1130 1522; x_wconf 85' lang='lat' dir='ltr'><strong>utroque</strong></span> <span class='ocrx_word' id='word_1_142' title='bbox 1155 1471 1271 1509; x_wconf 90' lang='lat' dir='ltr'><strong>modo</strong></span> <span class='ocrx_word' id='word_1_143' title='bbox 1292 1484 1310 1509; x_wconf 82' lang='lat' dir='ltr'><strong>a</strong></span> <span class='ocrx_word' id='word_1_144' title='bbox 1333 1471 1530 1510; x_wconf 85' lang='lat' dir='ltr'><strong>Geometra</strong></span> <span class='ocrx_word' id='word_1_145' title='bbox 1557 1471 1717 1514; x_wconf 86' lang='lat' dir='ltr'><strong>differat,</strong></span> 
     </span>
     <span class='ocr_line' id='line_1_22' title="bbox 103 1530 1720 1579; baseline 0.001 -13"><span class='ocrx_word' id='word_1_146' title='bbox 103 1532 172 1579; x_wconf 70' lang='lat' dir='ltr'><strong>qui</strong></span> <span class='ocrx_word' id='word_1_147' title='bbox 197 1531 264 1567; x_wconf 83' lang='lat' dir='ltr'><strong>snae</strong></span> <span class='ocrx_word' id='word_1_148' title='bbox 289 1533 371 1568; x_wconf 86' lang='lat' dir='ltr'><strong>artis</strong></span> <span class='ocrx_word' id='word_1_149' title='bbox 398 1532 574 1579; x_wconf 82' lang='lat' dir='ltr'><strong>principia</strong></span> <span class='ocrx_word' id='word_1_150' title='bbox 589 1531 632 1566; x_wconf 86' lang='lat' dir='ltr'><strong>ab</strong></span> <span class='ocrx_word' id='word_1_151' title='bbox 658 1531 730 1578; x_wconf 82' lang='lat' dir='ltr'><strong>ipsa</strong></span> <span class='ocrx_word' id='word_1_152' title='bbox 754 1540 827 1567; x_wconf 87' lang='lat' dir='ltr'><strong>arte</strong></span> <span class='ocrx_word' id='word_1_153' title='bbox 853 1530 986 1573; x_wconf 84' lang='lat' dir='ltr'><strong>sumat,</strong></span> <span class='ocrx_word' id='word_1_154' title='bbox 1021 1533 1057 1568; x_wconf 67' lang='grc' dir='ltr'>ἃ</span> <span class='ocrx_word' id='word_1_155' title='bbox 1084 1532 1194 1568; x_wconf 82' lang='lat' dir='ltr'><strong>lineas</strong></span> <span class='ocrx_word' id='word_1_156' title='bbox 1214 1531 1436 1579; x_wconf 64' lang='lat' dir='ltr'><strong>punctaque,</strong></span> <span class='ocrx_word' id='word_1_157' title='bbox 1466 1531 1604 1579; x_wconf 82' lang='lat' dir='ltr'><strong>aliaque</strong></span> <span class='ocrx_word' id='word_1_158' title='bbox 1621 1532 1720 1567; x_wconf 85' lang='lat' dir='ltr'><strong>mirae</strong></span> 
     </span>
     <span class='ocr_line' id='line_1_23' title="bbox 107 1588 1720 1637; baseline -0.001 -11"><span class='ocrx_word' id='word_1_159' title='bbox 107 1588 341 1637; x_wconf 79' lang='lat' dir='ltr'><strong>simplicitatis</strong></span> <span class='ocrx_word' id='word_1_160' title='bbox 373 1589 550 1625; x_wconf 84' lang='lat' dir='ltr'><strong>elementa</strong></span> <span class='ocrx_word' id='word_1_161' title='bbox 570 1588 748 1625; x_wconf 59' lang='lat' dir='ltr'><strong>trafitanda</strong></span> <span class='ocrx_word' id='word_1_162' title='bbox 772 1589 893 1624; x_wconf 63' lang='lat' dir='ltr'><strong>nactus</strong></span> <span class='ocrx_word' id='word_1_163' title='bbox 915 1588 964 1625; x_wconf 81' lang='lat' dir='ltr'><strong>fit.</strong></span> <span class='ocrx_word' id='word_1_164' title='bbox 1012 1589 1150 1626; x_wconf 79' lang='lat' dir='ltr'><strong>Contra</strong></span> <span class='ocrx_word' id='word_1_165' title='bbox 1175 1601 1244 1624; x_wconf 90' lang='lat' dir='ltr'><strong>nos</strong></span> <span class='ocrx_word' id='word_1_166' title='bbox 1267 1588 1388 1636; x_wconf 73' lang='lat' dir='ltr'><strong>longae</strong></span> <span class='ocrx_word' id='word_1_167' title='bbox 1412 1600 1637 1636; x_wconf 85' lang='lat' dir='ltr'><strong>organorum</strong></span> <span class='ocrx_word' id='word_1_168' title='bbox 1655 1600 1720 1637; x_wconf 85' lang='lat' dir='ltr'><strong>per</strong></span> 
     </span>
     <span class='ocr_line' id='line_1_24' title="bbox 107 1646 1721 1696; baseline -0.001 -11"><span class='ocrx_word' id='word_1_169' title='bbox 107 1649 219 1686; x_wconf 66' lang='lat' dir='ltr'><strong>varias</strong></span> <span class='ocrx_word' id='word_1_170' title='bbox 237 1647 274 1688; x_wconf 86' lang='lat'>&amp;</span> <span class='ocrx_word' id='word_1_171' title='bbox 292 1646 418 1684; x_wconf 84' lang='lat' dir='ltr'><strong>diverfi</strong></span> <span class='ocrx_word' id='word_1_172' title='bbox 439 1647 578 1694; x_wconf 83' lang='lat' dir='ltr'><strong>ingenii</strong></span> <span class='ocrx_word' id='word_1_173' title='bbox 605 1653 722 1696; x_wconf 81' lang='lat' dir='ltr'><strong>partes</strong></span> <span class='ocrx_word' id='word_1_174' title='bbox 748 1647 893 1695; x_wconf 63' lang='lat' dir='ltr'><strong>pifturae</strong></span> <span class='ocrx_word' id='word_1_175' title='bbox 918 1655 1130 1688; x_wconf 85' lang='lat' dir='ltr'><strong>morantur,</strong></span> <span class='ocrx_word' id='word_1_176' title='bbox 1162 1658 1282 1696; x_wconf 87' lang='lat' dir='ltr'><strong>neque</strong></span> <span class='ocrx_word' id='word_1_177' title='bbox 1302 1647 1376 1684; x_wconf 87' lang='lat' dir='ltr'><strong>fere</strong></span> <span class='ocrx_word' id='word_1_178' title='bbox 1399 1646 1475 1684; x_wconf 91' lang='lat' dir='ltr'><strong>ullo</strong></span> <span class='ocrx_word' id='word_1_179' title='bbox 1504 1647 1619 1685; x_wconf 90' lang='lat' dir='ltr'><strong>modo</strong></span> <span class='ocrx_word' id='word_1_180' title='bbox 1647 1649 1721 1684; x_wconf 62' lang='lat' dir='ltr'><strong>evi«</strong></span> 
     </span>
     <span class='ocr_line' id='line_1_25' title="bbox 105 1705 1721 1756; baseline -0.001 -12"><span class='ocrx_word' id='word_1_181' title='bbox 105 1708 176 1744; x_wconf 54' lang='lat' dir='ltr'><strong>xtari</strong></span> <span class='ocrx_word' id='word_1_182' title='bbox 196 1705 333 1756; x_wconf 82' lang='lat' dir='ltr'><strong>potest,</strong></span> <span class='ocrx_word' id='word_1_183' title='bbox 367 1708 457 1755; x_wconf 83' lang='lat' dir='ltr'><strong>quin</strong></span> <span class='ocrx_word' id='word_1_184' title='bbox 480 1705 616 1755; x_wconf 77' lang='lat' dir='ltr'><strong>aliquid</strong></span> <span class='ocrx_word' id='word_1_185' title='bbox 639 1706 784 1742; x_wconf 88' lang='lat' dir='ltr'><strong>interim</strong></span> <span class='ocrx_word' id='word_1_186' title='bbox 810 1717 879 1754; x_wconf 93' lang='lat' dir='ltr'><strong>pro</strong></span> <span class='ocrx_word' id='word_1_187' title='bbox 906 1718 992 1743; x_wconf 92' lang='lat' dir='ltr'><strong>vero</strong></span> <span class='ocrx_word' id='word_1_188' title='bbox 1011 1706 1273 1744; x_wconf 83' lang='lat' dir='ltr'><strong>adsumendum</strong></span> <span class='ocrx_word' id='word_1_189' title='bbox 1291 1705 1354 1748; x_wconf 85' lang='lat' dir='ltr'><strong>fit,</strong></span> <span class='ocrx_word' id='word_1_190' title='bbox 1384 1706 1484 1754; x_wconf 88' lang='lat' dir='ltr'><strong>quod</strong></span> <span class='ocrx_word' id='word_1_191' title='bbox 1506 1706 1616 1755; x_wconf 81' lang='lat' dir='ltr'><strong>paulo</strong></span> <span class='ocrx_word' id='word_1_192' title='bbox 1639 1707 1721 1755; x_wconf 85' lang='lat' dir='ltr'><strong>post</strong></span> 
     </span>
     <span class='ocr_line' id='line_1_26' title="bbox 109 1764 1720 1816; baseline -0.001 -13"><span class='ocrx_word' id='word_1_193' title='bbox 109 1765 262 1803; x_wconf 85' lang='lat' dir='ltr'><strong>demum</strong></span> <span class='ocrx_word' id='word_1_194' title='bbox 289 1764 479 1802; x_wconf 86' lang='lat' dir='ltr'><strong>definiatur</strong></span> <span class='ocrx_word' id='word_1_195' title='bbox 505 1772 566 1803; x_wconf 83' lang='lat' dir='ltr'><strong>aut</strong></span> <span class='ocrx_word' id='word_1_196' title='bbox 585 1764 864 1805; x_wconf 83' lang='lat' dir='ltr'><strong>demonstretur.</strong></span> <span class='ocrx_word' id='word_1_197' title='bbox 913 1765 1036 1811; x_wconf 79' lang='lat' dir='ltr'><strong>Quare</strong></span> <span class='ocrx_word' id='word_1_198' title='bbox 1067 1778 1186 1816; x_wconf 82' lang='lat' dir='ltr'><strong>neque</strong></span> <span class='ocrx_word' id='word_1_199' title='bbox 1213 1765 1316 1802; x_wconf 87' lang='lat' dir='ltr'><strong>valde</strong></span> <span class='ocrx_word' id='word_1_200' title='bbox 1341 1765 1531 1803; x_wconf 83' lang='lat' dir='ltr'><strong>succenseo</strong></span> <span class='ocrx_word' id='word_1_201' title='bbox 1556 1767 1620 1808; x_wconf 88' lang='lat' dir='ltr'><strong>iis,</strong></span> <span class='ocrx_word' id='word_1_202' title='bbox 1656 1767 1720 1814; x_wconf 86' lang='lat' dir='ltr'><strong>qui</strong></span> 
     </span>
     <span class='ocr_line' id='line_1_27' title="bbox 108 1823 1720 1874; baseline -0.001 -10"><span class='ocrx_word' id='word_1_203' title='bbox 108 1824 303 1865; x_wconf 80' lang='lat' dir='ltr'><strong>meliorem</strong></span> <span class='ocrx_word' id='word_1_204' title='bbox 328 1837 414 1862; x_wconf 90' lang='lat' dir='ltr'><strong>meo</strong></span> <span class='ocrx_word' id='word_1_205' title='bbox 441 1824 608 1862; x_wconf 86' lang='lat' dir='ltr'><strong>ordinem</strong></span> <span class='ocrx_word' id='word_1_206' title='bbox 630 1823 822 1862; x_wconf 77' lang='lat' dir='ltr'><strong>docuerint</strong></span> <span class='ocrx_word' id='word_1_207' title='bbox 836 1853 845 1867; x_wconf 82' lang='grc'><strong><em>,</em></strong></span> <span class='ocrx_word' id='word_1_208' title='bbox 874 1837 993 1874; x_wconf 88' lang='lat' dir='ltr'><strong>neque</strong></span> <span class='ocrx_word' id='word_1_209' title='bbox 1010 1825 1055 1862; x_wconf 89' lang='lat' dir='ltr'><strong>de</strong></span> <span class='ocrx_word' id='word_1_210' title='bbox 1075 1827 1177 1863; x_wconf 83' lang='lat' dir='ltr'><strong>venia</strong></span> <span class='ocrx_word' id='word_1_211' title='bbox 1196 1824 1355 1874; x_wconf 86' lang='lat' dir='ltr'><strong>despero,</strong></span> <span class='ocrx_word' id='word_1_212' title='bbox 1384 1837 1494 1874; x_wconf 87' lang='lat' dir='ltr'><strong>quam</strong></span> <span class='ocrx_word' id='word_1_213' title='bbox 1516 1826 1564 1863; x_wconf 94' lang='lat' dir='ltr'><strong>ob</strong></span> <span class='ocrx_word' id='word_1_214' title='bbox 1580 1837 1620 1862; x_wconf 82' lang='lat' dir='ltr'><strong>ea</strong></span> <span class='ocrx_word' id='word_1_215' title='bbox 1635 1826 1720 1863; x_wconf 76' lang='lat' dir='ltr'><strong>vitia</strong></span> 
     </span>
     <span class='ocr_line' id='line_1_28' title="bbox 106 1883 1528 1937; baseline 0.001 -16"><span class='ocrx_word' id='word_1_216' title='bbox 106 1891 219 1937; x_wconf 62' lang='lat' dir='ltr'><strong>peto„</strong></span> <span class='ocrx_word' id='word_1_217' title='bbox 251 1896 330 1932; x_wconf 73' lang='lat' dir='ltr'><strong>quae</strong></span> <span class='ocrx_word' id='word_1_218' title='bbox 350 1885 505 1925; x_wconf 87' lang='lat' dir='ltr'><strong>omnino</strong></span> <span class='ocrx_word' id='word_1_219' title='bbox 533 1883 779 1933; x_wconf 83' lang='lat' dir='ltr'><strong>subterfugere</strong></span> <span class='ocrx_word' id='word_1_220' title='bbox 802 1885 1050 1933; x_wconf 85' lang='lat' dir='ltr'><strong>nequiverim,</strong></span> <span class='ocrx_word' id='word_1_221' title='bbox 1086 1884 1198 1922; x_wconf 82' lang='lat' dir='ltr'><strong>multa</strong></span> <span class='ocrx_word' id='word_1_222' title='bbox 1220 1892 1346 1922; x_wconf 83' lang='lat' dir='ltr'><strong>contra</strong></span> <span class='ocrx_word' id='word_1_223' title='bbox 1368 1892 1528 1922; x_wconf 84' lang='lat' dir='ltr'><strong>conatus.</strong></span> 
     </span>
    </p>

    <p class='ocr_par' dir='ltr' id='par_1_12' title="bbox 110 1943 1781 2409">
     <span class='ocr_line' id='line_1_29' title="bbox 170 1943 1724 1993; baseline 0.001 -12"><span class='ocrx_word' id='word_1_224' title='bbox 170 1943 321 1981; x_wconf 86' lang='lat' dir='ltr'><strong>Interim</strong></span> <span class='ocrx_word' id='word_1_225' title='bbox 336 1945 363 1980; x_wconf 81' lang='lat' dir='ltr'><strong>is</strong></span> <span class='ocrx_word' id='word_1_226' title='bbox 374 1972 384 1986; x_wconf 90' lang='lat'><em>,</em></span> <span class='ocrx_word' id='word_1_227' title='bbox 411 1956 521 1993; x_wconf 90' lang='lat' dir='ltr'><strong>quem</strong></span> <span class='ocrx_word' id='word_1_228' title='bbox 538 1943 676 1981; x_wconf 87' lang='lat' dir='ltr'><strong>secutus</strong></span> <span class='ocrx_word' id='word_1_229' title='bbox 693 1943 770 1981; x_wconf 87' lang='lat' dir='ltr'><strong>sum</strong></span> <span class='ocrx_word' id='word_1_230' title='bbox 786 1943 899 1986; x_wconf 89' lang='lat' dir='ltr'><strong>ordo,</strong></span> <span class='ocrx_word' id='word_1_231' title='bbox 920 1943 1013 1981; x_wconf 84' lang='lat' dir='ltr'><strong>visus</strong></span> <span class='ocrx_word' id='word_1_232' title='bbox 1030 1944 1079 1981; x_wconf 82' lang='lat' dir='ltr'><strong>est</strong></span> <span class='ocrx_word' id='word_1_233' title='bbox 1093 1944 1182 1981; x_wconf 87' lang='lat' dir='ltr'><strong>mihi</strong></span> <span class='ocrx_word' id='word_1_234' title='bbox 1198 1951 1371 1993; x_wconf 86' lang='lat' dir='ltr'><strong>perpetua</strong></span> <span class='ocrx_word' id='word_1_235' title='bbox 1386 1944 1566 1982; x_wconf 75' lang='lat' dir='ltr'><strong>coliaerere</strong></span> <span class='ocrx_word' id='word_1_236' title='bbox 1580 1945 1724 1987; x_wconf 73' lang='lat' dir='ltr'><strong>carena,&#39;</strong></span> 
     </span>
     <span class='ocr_line' id='line_1_30' title="bbox 110 2002 1720 2052; baseline 0.001 -12"><span class='ocrx_word' id='word_1_237' title='bbox 110 2014 232 2051; x_wconf 72' lang='lat' dir='ltr'><strong>neque</strong></span> <span class='ocrx_word' id='word_1_238' title='bbox 254 2014 293 2038; x_wconf 84' lang='lat' dir='ltr'><strong>ea</strong></span> <span class='ocrx_word' id='word_1_239' title='bbox 313 2002 488 2050; x_wconf 77' lang='lat' dir='ltr'><strong>separare,</strong></span> <span class='ocrx_word' id='word_1_240' title='bbox 522 2013 600 2051; x_wconf 85' lang='lat' dir='ltr'><strong>quae</strong></span> <span class='ocrx_word' id='word_1_241' title='bbox 622 2010 746 2040; x_wconf 85' lang='lat' dir='ltr'><strong>natura</strong></span> <span class='ocrx_word' id='word_1_242' title='bbox 766 2004 979 2050; x_wconf 78' lang='lat' dir='ltr'><strong>conjunxit,</strong></span> <span class='ocrx_word' id='word_1_243' title='bbox 1007 2016 1126 2052; x_wconf 84' lang='lat' dir='ltr'><strong>neque</strong></span> <span class='ocrx_word' id='word_1_244' title='bbox 1148 2004 1261 2040; x_wconf 82' lang='lat' dir='ltr'><strong>aliena</strong></span> <span class='ocrx_word' id='word_1_245' title='bbox 1280 2004 1515 2052; x_wconf 80' lang='lat' dir='ltr'><strong>conjungere.</strong></span> <span class='ocrx_word' id='word_1_246' title='bbox 1560 2003 1720 2041; x_wconf 81' lang='lat' dir='ltr'><strong>Sufficiat</strong></span> 
     </span>
     <span class='ocr_line' id='line_1_31' title="bbox 114 2060 1719 2112; baseline 0.002 -16"><span class='ocrx_word' id='word_1_247' title='bbox 114 2060 161 2097; x_wconf 84' lang='lat' dir='ltr'><strong>de</strong></span> <span class='ocrx_word' id='word_1_248' title='bbox 184 2060 359 2097; x_wconf 86' lang='lat' dir='ltr'><strong>methodo</strong></span> <span class='ocrx_word' id='word_1_249' title='bbox 381 2061 629 2108; x_wconf 80' lang='lat' dir='ltr'><strong>mathematica</strong></span> <span class='ocrx_word' id='word_1_250' title='bbox 645 2061 682 2098; x_wconf 88' lang='lat' dir='ltr'><strong>id</strong></span> <span class='ocrx_word' id='word_1_251' title='bbox 703 2060 882 2099; x_wconf 70' lang='lat' dir='ltr'><strong>retinuisse</strong></span> <span class='ocrx_word' id='word_1_252' title='bbox 903 2062 1132 2110; x_wconf 80' lang='lat' dir='ltr'><strong>privilegium</strong></span> <span class='ocrx_word' id='word_1_253' title='bbox 1145 2091 1153 2104; x_wconf 90' lang='lat'><em>‚</em></span> <span class='ocrx_word' id='word_1_254' title='bbox 1180 2070 1221 2099; x_wconf 88' lang='lat' dir='ltr'><strong>ut</strong></span> <span class='ocrx_word' id='word_1_255' title='bbox 1239 2064 1394 2100; x_wconf 88' lang='lat' dir='ltr'><strong>omnino</strong></span> <span class='ocrx_word' id='word_1_256' title='bbox 1412 2062 1502 2099; x_wconf 74' lang='lat' dir='ltr'><strong>nihil</strong></span> <span class='ocrx_word' id='word_1_257' title='bbox 1518 2063 1719 2112; x_wconf 83' lang='lat' dir='ltr'><strong>quidquam</strong></span> 
     </span>
     <span class='ocr_line' id='line_1_32' title="bbox 114 2119 1718 2171; baseline 0.002 -16"><span class='ocrx_word' id='word_1_258' title='bbox 114 2131 184 2168; x_wconf 91' lang='lat' dir='ltr'><strong>pro</strong></span> <span class='ocrx_word' id='word_1_259' title='bbox 207 2131 295 2156; x_wconf 87' lang='lat' dir='ltr'><strong>vero</strong></span> <span class='ocrx_word' id='word_1_260' title='bbox 320 2119 408 2156; x_wconf 89' lang='lat' dir='ltr'><strong>mihi</strong></span> <span class='ocrx_word' id='word_1_261' title='bbox 432 2119 591 2162; x_wconf 80' lang='lat' dir='ltr'><strong>sumam,</strong></span> <span class='ocrx_word' id='word_1_262' title='bbox 624 2120 727 2169; x_wconf 88' lang='lat' dir='ltr'><strong>quod</strong></span> <span class='ocrx_word' id='word_1_263' title='bbox 761 2120 925 2158; x_wconf 80' lang='lat' dir='ltr'><strong>debiliter</strong></span> <span class='ocrx_word' id='word_1_264' title='bbox 952 2133 1100 2164; x_wconf 88' lang='lat' dir='ltr'><strong>verum,</strong></span> <span class='ocrx_word' id='word_1_265' title='bbox 1129 2121 1234 2171; x_wconf 65' lang='lat' dir='ltr'><strong>⁴quod</strong></span> <span class='ocrx_word' id='word_1_266' title='bbox 1256 2122 1459 2169; x_wconf 53' lang='lat' dir='ltr'><strong>conjectura</strong></span> <span class='ocrx_word' id='word_1_267' title='bbox 1487 2120 1559 2159; x_wconf 81' lang='lat' dir='ltr'><strong>sola</strong></span> <span class='ocrx_word' id='word_1_268' title='bbox 1586 2122 1718 2159; x_wconf 86' lang='lat' dir='ltr'><strong>fultum</strong></span> 
     </span>
     <span class='ocr_line' id='line_1_33' title="bbox 116 2177 1721 2231; baseline 0.002 -17"><span class='ocrx_word' id='word_1_269' title='bbox 116 2177 159 2214; x_wconf 77' lang='lat' dir='ltr'><strong>fit</strong></span> <span class='ocrx_word' id='word_1_270' title='bbox 174 2190 181 2214; x_wconf 94' lang='lat'>:</span> <span class='ocrx_word' id='word_1_271' title='bbox 204 2177 335 2227; x_wconf 88' lang='lat' dir='ltr'><strong>Neque</strong></span> <span class='ocrx_word' id='word_1_272' title='bbox 349 2191 417 2228; x_wconf 82' lang='lat' dir='ltr'><strong>pro</strong></span> <span class='ocrx_word' id='word_1_273' title='bbox 438 2180 527 2216; x_wconf 86' lang='lat' dir='ltr'><strong>vitio</strong></span> <span class='ocrx_word' id='word_1_274' title='bbox 546 2178 682 2221; x_wconf 79' lang='lat' dir='ltr'><strong>habeo,</strong></span> <span class='ocrx_word' id='word_1_275' title='bbox 705 2178 730 2215; x_wconf 90' lang='lat' dir='ltr'><strong>fi</strong></span> <span class='ocrx_word' id='word_1_276' title='bbox 747 2179 790 2216; x_wconf 82' lang='lat' dir='ltr'><strong>ad</strong></span> <span class='ocrx_word' id='word_1_277' title='bbox 807 2180 910 2217; x_wconf 83' lang='lat' dir='ltr'><strong>aliam</strong></span> <span class='ocrx_word' id='word_1_278' title='bbox 926 2182 1046 2229; x_wconf 85' lang='lat' dir='ltr'><strong>operis</strong></span> <span class='ocrx_word' id='word_1_279' title='bbox 1063 2188 1202 2230; x_wconf 80' lang='lat' dir='ltr'><strong>partem</strong></span> <span class='ocrx_word' id='word_1_280' title='bbox 1220 2180 1391 2218; x_wconf 60' lang='lat' dir='ltr'><strong>lectorem</strong></span> <span class='ocrx_word' id='word_1_281' title='bbox 1408 2180 1576 2218; x_wconf 86' lang='lat' dir='ltr'><strong>remisero</strong></span> <span class='ocrx_word' id='word_1_282' title='bbox 1589 2209 1598 2223; x_wconf 91' lang='lat'>,</span> <span class='ocrx_word' id='word_1_283' title='bbox 1628 2193 1721 2231; x_wconf 89' lang='lat' dir='ltr'><strong>quo-</strong></span> 
     </span>
     <span class='ocr_line' id='line_1_34' title="bbox 117 2237 1721 2288; baseline 0.002 -15"><span class='ocrx_word' id='word_1_284' title='bbox 117 2238 183 2273; x_wconf 67' lang='lat' dir='ltr'><strong>ties</strong></span> <span class='ocrx_word' id='word_1_285' title='bbox 205 2237 249 2274; x_wconf 84' lang='lat' dir='ltr'><strong>ad</strong></span> <span class='ocrx_word' id='word_1_286' title='bbox 270 2238 516 2286; x_wconf 66' lang='lat' dir='ltr'><strong>explicandam</strong></span> <span class='ocrx_word' id='word_1_287' title='bbox 534 2237 688 2287; x_wconf 79' lang='lat' dir='ltr'><strong>aliquam</strong></span> <span class='ocrx_word' id='word_1_288' title='bbox 704 2238 929 2276; x_wconf 74' lang='lat' dir='ltr'><strong>funffionem</strong></span> <span class='ocrx_word' id='word_1_289' title='bbox 950 2239 1054 2276; x_wconf 83' lang='lat' dir='ltr'><strong>alieni</strong></span> <span class='ocrx_word' id='word_1_290' title='bbox 1076 2239 1214 2277; x_wconf 88' lang='lat' dir='ltr'><strong>visceris</strong></span> <span class='ocrx_word' id='word_1_291' title='bbox 1229 2268 1238 2282; x_wconf 88' lang='lat'>‚</span> <span class='ocrx_word' id='word_1_292' title='bbox 1268 2247 1328 2278; x_wconf 85' lang='lat' dir='ltr'><strong>aut</strong></span> <span class='ocrx_word' id='word_1_293' title='bbox 1347 2240 1490 2278; x_wconf 84' lang='lat' dir='ltr'><strong>alterius</strong></span> <span class='ocrx_word' id='word_1_294' title='bbox 1507 2242 1634 2288; x_wconf 83' lang='lat' dir='ltr'><strong>organi</strong></span> <span class='ocrx_word' id='word_1_295' title='bbox 1654 2240 1721 2278; x_wconf 80' lang='lat' dir='ltr'><strong>do-</strong></span> 
     </span>
     <span class='ocr_line' id='line_1_35' title="bbox 118 2297 1719 2349; baseline 0.002 -17"><span class='ocrx_word' id='word_1_296' title='bbox 118 2304 171 2332; x_wconf 76' lang='lat' dir='ltr'><strong>tes</strong></span> <span class='ocrx_word' id='word_1_297' title='bbox 187 2297 433 2344; x_wconf 88' lang='lat' dir='ltr'><strong>requirentur,</strong></span> <span class='ocrx_word' id='word_1_298' title='bbox 453 2310 559 2346; x_wconf 81' lang='lat' dir='ltr'><strong>quas,</strong></span> <span class='ocrx_word' id='word_1_299' title='bbox 583 2298 632 2336; x_wconf 89' lang='lat' dir='ltr'><strong>ob</strong></span> <span class='ocrx_word' id='word_1_300' title='bbox 650 2297 829 2335; x_wconf 74' lang='lat' dir='ltr'><strong>necessarii</strong></span> <span class='ocrx_word' id='word_1_301' title='bbox 848 2298 983 2336; x_wconf 83' lang='lat' dir='ltr'><strong>ordinis</strong></span> <span class='ocrx_word' id='word_1_302' title='bbox 1000 2298 1240 2336; x_wconf 81' lang='lat' dir='ltr'><strong>necessitatem</strong></span> <span class='ocrx_word' id='word_1_303' title='bbox 1258 2299 1327 2337; x_wconf 81' lang='lat' dir='ltr'><strong>alio</strong></span> <span class='ocrx_word' id='word_1_304' title='bbox 1340 2327 1349 2341; x_wconf 84' lang='lat'>‚</span> <span class='ocrx_word' id='word_1_305' title='bbox 1375 2300 1411 2337; x_wconf 64' lang='lat' dir='ltr'><strong>&amp;z</strong></span> <span class='ocrx_word' id='word_1_306' title='bbox 1427 2300 1619 2349; x_wconf 89' lang='lat' dir='ltr'><strong>posteriori</strong></span> <span class='ocrx_word' id='word_1_307' title='bbox 1633 2299 1719 2337; x_wconf 91' lang='lat' dir='ltr'><strong>loco</strong></span> 
     </span>
     <span class='ocr_line' id='line_1_36' title="bbox 120 2354 1781 2409; baseline 0.003 -18"><span class='ocrx_word' id='word_1_308' title='bbox 120 2354 276 2403; x_wconf 85' lang='lat' dir='ltr'><strong>exposui.</strong></span> <span class='ocrx_word' id='word_1_309' title='bbox 313 2355 363 2393; x_wconf 81' lang='lat' dir='ltr'><strong>lta</strong></span> <span class='ocrx_word' id='word_1_310' title='bbox 387 2356 527 2394; x_wconf 85' lang='lat' dir='ltr'><strong>securus</strong></span> <span class='ocrx_word' id='word_1_311' title='bbox 543 2358 580 2394; x_wconf 91' lang='lat' dir='ltr'><strong>in</strong></span> <span class='ocrx_word' id='word_1_312' title='bbox 598 2357 717 2394; x_wconf 88' lang='lat' dir='ltr'><strong>cordis</strong></span> <span class='ocrx_word' id='word_1_313' title='bbox 740 2357 924 2396; x_wconf 81' lang='lat' dir='ltr'><strong>historiam</strong></span> <span class='ocrx_word' id='word_1_314' title='bbox 943 2370 1077 2395; x_wconf 72' lang='lat' dir='ltr'><strong>carneae</strong></span> <span class='ocrx_word' id='word_1_315' title='bbox 1095 2358 1189 2396; x_wconf 80' lang='lat' dir='ltr'><strong>fibrae</strong></span> <span class='ocrx_word' id='word_1_316' title='bbox 1210 2360 1302 2396; x_wconf 89' lang='lat' dir='ltr'><strong>vires</strong></span> <span class='ocrx_word' id='word_1_317' title='bbox 1321 2360 1457 2408; x_wconf 91' lang='lat' dir='ltr'><strong>recipio</strong></span> <span class='ocrx_word' id='word_1_318' title='bbox 1470 2387 1479 2402; x_wconf 90' lang='lat'>‚</span> <span class='ocrx_word' id='word_1_319' title='bbox 1513 2360 1548 2396; x_wconf 62' lang='grc' dir='ltr'><strong>ἃ</strong></span> <span class='ocrx_word' id='word_1_320' title='bbox 1567 2369 1614 2396; x_wconf 75' lang='lat' dir='ltr'><strong>ex</strong></span> <span class='ocrx_word' id='word_1_321' title='bbox 1628 2357 1722 2396; x_wconf 49' lang='lat' dir='ltr'><strong>musas</strong></span> <span class='ocrx_word' id='word_1_322' title='bbox 1778 2406 1781 2409; x_wconf 27' lang='grc'>1</span> 
     </span>
    </p>
   </div>
   <div class='ocr_carea' id='block_1_11' title="bbox 114 2413 1721 2523">
    <p class='ocr_par' dir='ltr' id='par_1_13' title="bbox 114 2413 1721 2523">
     <span class='ocr_line' id='line_1_37' title="bbox 114 2413 1718 2467; baseline 0.001 -16"><span class='ocrx_word' id='word_1_323' title='bbox 114 2413 286 2465; x_wconf 64' lang='lat' dir='ltr'><strong>geulorum</strong></span> <span class='ocrx_word' id='word_1_324' title='bbox 309 2414 545 2464; x_wconf 87' lang='lat' dir='ltr'><strong>descriptione</strong></span> <span class='ocrx_word' id='word_1_325' title='bbox 566 2427 604 2451; x_wconf 85' lang='lat' dir='ltr'><strong>ea</strong></span> <span class='ocrx_word' id='word_1_326' title='bbox 626 2415 715 2453; x_wconf 83' lang='lat' dir='ltr'><strong>mihi</strong></span> <span class='ocrx_word' id='word_1_327' title='bbox 736 2416 839 2455; x_wconf 89' lang='lat' dir='ltr'><strong>sumo</strong></span> <span class='ocrx_word' id='word_1_328' title='bbox 853 2446 862 2461; x_wconf 82' lang='grc'>,</span> <span class='ocrx_word' id='word_1_329' title='bbox 894 2429 972 2467; x_wconf 76' lang='lat' dir='ltr'><strong>quae</strong></span> <span class='ocrx_word' id='word_1_330' title='bbox 990 2417 1091 2456; x_wconf 86' lang='lat' dir='ltr'><strong>cordi</strong></span> <span class='ocrx_word' id='word_1_331' title='bbox 1109 2429 1194 2456; x_wconf 87' lang='lat' dir='ltr'><strong>curn</strong></span> <span class='ocrx_word' id='word_1_332' title='bbox 1218 2417 1385 2458; x_wconf 84' lang='lat' dir='ltr'><strong>musculis</strong></span> <span class='ocrx_word' id='word_1_333' title='bbox 1403 2420 1612 2456; x_wconf 84' lang='lat' dir='ltr'><strong>communia</strong></span> <span class='ocrx_word' id='word_1_334' title='bbox 1629 2417 1718 2454; x_wconf 88' lang='lat' dir='ltr'><strong>sunt.</strong></span> 
     </span>
     <span class='ocr_line' id='line_1_38' title="bbox 175 2472 1721 2523; baseline 0.003 -12"><span class='ocrx_word' id='word_1_335' title='bbox 175 2472 301 2512; x_wconf 57' lang='lat' dir='ltr'><strong>Htrller</strong></span> <span class='ocrx_word' id='word_1_336' title='bbox 325 2473 514 2523; x_wconf 66' lang='lat' dir='ltr'><strong>I&#39;hyfiolog.</strong></span> <span class='ocrx_word' id='word_1_337' title='bbox 550 2473 658 2511; x_wconf 87' lang='lat' dir='ltr'><strong>Tom.</strong></span> <span class='ocrx_word' id='word_1_338' title='bbox 684 2474 709 2512; x_wconf 81' lang='lat' dir='ltr'><strong>i.</strong></span> <span class='ocrx_word' id='word_1_339' title='bbox 1168 2476 1197 2517; x_wconf 79' lang='lat' dir='ltr'><strong>A</strong></span> <span class='ocrx_word' id='word_1_340' title='bbox 1480 2477 1501 2515; x_wconf 80' lang='lat' dir='ltr'>S</span> <span class='ocrx_word' id='word_1_341' title='bbox 1517 2476 1544 2514; x_wconf 80' lang='lat' dir='ltr'>E</span> <span class='ocrx_word' id='word_1_342' title='bbox 1560 2476 1591 2515; x_wconf 89' lang='lat' dir='ltr'>C</span> <span class='ocrx_word' id='word_1_343' title='bbox 1605 2476 1638 2514; x_wconf 77' lang='lat' dir='ltr'>T</span> <span class='ocrx_word' id='word_1_344' title='bbox 1653 2475 1671 2515; x_wconf 78' lang='lat' dir='ltr'>I</span> <span class='ocrx_word' id='word_1_345' title='bbox 1685 2475 1721 2516; x_wconf 87' lang='lat' dir='ltr'>O</span> 
     </span>
    </p>
   </div>
  </div>
 </body>
</html>
