2003 2748
328 159 387 206 ⁷54
809 147 812 151 ’
880 150 1005 191 LJB.
1039 147 1104 190 ΙΙ.
1155 133 1206 191 'v
1235 142 1266 191 A
1298 151 1320 191 s
1347 146 1399 198 A?

331 255 371 291 in
394 251 512 290 multo
536 248 739 295 minoribus
772 247 995 286 animalculis
1014 277 1023 291 ‚
1061 254 1103 286 ut
1127 249 1165 285 in
1200 248 1350 291 muscis,
1391 248 1488 291 alba,
1515 250 1706 290 numerosa
1740 253 1816 291 vasa
1830 253 1843 297 ,'
1888 251 1926 293 &'

330 320 480 351 truncos
506 322 550 347 ex
571 321 648 347 uno
673 308 779 345 fonte
801 310 1023 358 praecipuos,
1052 309 1219 357 princeps
1248 308 1338 345 olim
1356 310 1393 346 in
1411 309 1680 359 microscopicis
1711 313 1832 351 auftor
1853 313 1921 352 Ro-

330 372 448 410 bertus
471 369 649 408 HooKE
670 367 762 405 vidit
790 367 888 415 (e),
915 369 1026 416 inque
1053 367 1133 416 ipsis
1163 367 1508 416 pediculis,arteriae
1538 382 1713 420 venaeque
1748 372 1851 416 sunt,
1886 373 1923 410 &t

329 430 444 480 pulsui
480 429 632 478 analoga
663 427 815 465 vibratio
852 425 939 475 (f).
988 426 1047 464 De
1075 428 1314 465 tenerioribus
1346 428 1413 466 illis
1453 430 1699 473 animalculis,
1737 444 1816 480 quae
1846 439 1926 470 tota

327 490 408 528 sunt
434 489 643 526 intest-inum
658 516 666 530 ‚
696 494 736 524 ut
755 486 800 523 de
819 483 964 536 polypis
978 514 987 529 ‚
1019 487 1053 522 ἃ
1074 485 1141 523 illis
1159 485 1436 536 simplicioribus
1446 481 1554 538 vaquae
1572 490 1701 527 incolis
1714 519 1723 533 ‚
1754 503 1770 527 a
1782 491 1924 537 ,lohan-

327 561 369 586 πε
392 548 454 587 H1
472 561 491 585 L
507 560 553 585 LI
569 560 591 585 ο
624 546 805 595 descriptis
832 545 914 593 (g)
931 574 940 588 ,
972 545 1143 595 equidem
1167 547 1337 590 nondum
1359 548 1518 591 constat,
1560 550 1756 598 peculiares
1781 552 1817 588 &
1833 563 1851 588 a
1869 560 1926 589 to-

327 616 366 647 to
395 608 547 646 animale
572 606 728 645 diversos
754 605 902 643 tubulos
925 604 1005 654 ipsis
1033 604 1149 642 iness'e.

386 667 476 707 Haec
500 666 577 704 vasa
601 666 747 704 vitalem
763 665 960 702 humorem
985 664 1171 708 vehentia,
1202 665 1289 703 duas
1314 668 1351 703 in
1373 666 1490 705 claffes
1501 668 1538 704 in
1562 667 1713 705 homine
1736 671 1769 706 ἃ
1791 671 1927 708 animm

325 729 419 765 libus
454 727 685 768 dividuntur,
723 725 855 774 quibus
876 736 940 763 cor
966 725 1023 762 est.
1078 723 1182 762 Prior
1214 726 1340 763 eadem
1371 726 1514 764 densior
1540 728 1576 764 &
1606 728 1753 766 solidior
1786 730 1852 771 est,
1888 730 1926 767 &

324 800 390 838 per
422 788 691 835 experimenta,
724 795 803 833 quae
832 783 900 822 suo
930 784 1017 822 loco
1039 784 1204 822 dicentur
1231 784 1335 831 (h),
1368 785 1584 834 san-guinem
1606 800 1625 824 a
1653 788 1763 825 corde
1790 789 1919 832 avehit,

325 853 433 897 atque
469 846 514 883 ad
539 847 661 884 omnia
687 846 725 882 in
757 855 912 893 corpore
934 843 1096 892 humano
1113 844 1288 896 ⁴membra
1311 845 1354 882 ,86
1374 846 1505 884 viscera
1523 846 1644 884 defert.
1694 846 1812 885 Altera
1840 847 1925 886 clas-

325 906 367 944 fis
383 935 392 949 ‚
427 907 572 944 tenuior
596 905 721 942 eadem
743 904 779 939 &
799 903 969 945 mollior,
1007 903 1168 952 liquores
1196 903 1384 942 vitales'ab
1407 897 1581 943 'omnibus
1613 907 1760 943 animati
1792 919 1925 956 corpo-

324 968 373 1003 ris
398 965 592 1015 particulis,
616 964 782 1004 resumit,
815 963 934 1013 adque
964 974 1028 1000 cor
1040 962 1203 1007 revehit,
1230 962 1301 1001 five
1330 963 1472 1012 sanguis
1503 964 1575 1013 ipse
1602 965 1729 1007 fuerit,
1761 964 1832 1004 five
1863 967 1924 1005 ali-

322 1027 406 1075 quis
436 1037 564 1062 eorum
590 1024 813 1065 humorum,
852 1019 914 1072 qui
940 1023 1188 1070 conjunffl-eo
1211 1024 1362 1060 nomine
1389 1026 1550 1062 veniunt.

387 1084 598 1123 Commune
623 1084 712 1121 olim
733 1083 907 1120 omnibus
929 1094 1068 1119 nomen
1088 1094 1263 1120 venarum
1294 1082 1385 1125 fuit,
1421 1083 1458 1120 δε
1488 1082 1770 1132 frequentissime
1795 1084 1923 1122 utrius-

325 1138 396 1194 que
408 1143 516 1181 classis
534 1143 608 1182 vasa
622 1155 662 1180 ea
680 1155 770 1180 voce
792 1143 984 1191 antiquitas
1002 1142 1193 1191 appellavit
1219 1141 1300 1188 (i).
1324 1141 1444 1179 Venas
1477 1155 1556 1193 quae
1579 1142 1747 1191 pulsant,
1792 1156 1924 1183 vocare

323 1204 459 1242 solebat
480 1202 517 1241 H
530 1216 542 1240 1
557 1216 574 1240 P
588 1215 606 1240 P
618 1215 641 1240 O
654 1214 674 1239 c
690 1214 713 1239 R
726 1215 749 1239 A
762 1215 785 1239 T
801 1215 857 1244 es,
878 1202 914 1238 δε
932 1201 1057 1240 eadem
1077 1201 1318 1250 appellatione
1329 1203 1534 1241 carotidum
1556 1204 1767 1240 arteriarum
1785 1206 1924 1242 mican-

323 1270 400 1301 tem
434 1264 472 1300 in
506 1261 732 1312 temporibus
760 1272 904 1300 ramum
932 1260 1111 1300 intellexit
1134 1261 1226 1308 (le).
1265 1260 1294 1298 A
1310 1272 1424 1299 31sz
1439 1274 1565 1301 OTEL
1581 1273 1626 1298 Es
1651 1273 1823 1300 venarum
1844 1264 1924 1301 uni-

324 1336 411 1362 cum
427 1335 543 1371 genus
560 1350 568 1365 ‚
591 1334 667 1360 non
683 1321 758 1358 duo
785 1321 970 1358 constituit
986 1349 995 1363 ‚
1018 1320 1206 1369 ipsamque
1225 1325 1363 1357 aortam
1383 1334 1513 1359 venam
1531 1322 1621 1359 dixit
1638 1324 1821 1359 minorem
1834 1323 1853 1370 (
1865 1323 1916 1369 I).

327 1383 550 1421 Arteriarum
572 1389 693 1420 autem
712 1392 856 1418 nomen
876 1380 984 1420 serius
1009 1388 1137 1417 ortum
1163 1380 1222 1421 est,
1244 1392 1289 1417 ex
1307 1380 1424 1428 aliqua
1442 1394 1526 1424 eum
1546 1382 1621 1419 veri
1654 1382 1815 1420 nominis
1835 1383 1928 1420 arte.-¹

323 1444 375 1480 ria
400 1445 438 1479 in
462 1440 585 1479 officio
611 1440 864 1482 similitudine,
896 1451 975 1490 quae
1012 1439 1137 1478 eadem
1161 1441 1244 1477 fecit
1263 1468 1272 1482 ,
1299 1447 1338 1478 ut
1373 1457 1596 1483 πνευματικαι
1628 1443 1735 1478 etiam
1763 1455 1923 1489 oeyystae,

323 1501 395 1541 five
416 1502 579 1550 spiritum
606 1496 773 1538 vehentia
798 1500 874 1537 vasa
898 1507 1113 1538 vocarentur
1145 1499 1260 1548 (m).
1311 1498 1406 1545 Quae
1436 1500 1534 1536 enim
1568 1498 1681 1538 fistula
1711 1502 1749 1538 in
1777 1499 1926 1549 pulmo-

323 1574 411 1600 nem
430 1565 550 1598 aerem
576 1560 697 1602 ducit,
731 1572 771 1596 ea
795 1560 838 1597 ab
861 1556 984 1595 officio
1003 1561 1166 1608 primum
1186 1559 1311 1596 arteria
1328 1559 1417 1598 dieta
1439 1558 1488 1594 est
1503 1586 1511 1600 ,
1546 1571 1654 1608 quam
1685 1560 1818 1609 postea,
1839 1570 1925 1597 cum

320 1621 516 1669 sanguinea
535 1619 611 1657 vasa
641 1621 849 1657 arteriarum
873 1620 1025 1655 nomine
1049 1620 1212 1655 venirent
1227 1647 1236 1660 ‚
1261 1617 1388 1666 asperae
1419 1617 1525 1654 titulo
1545 1620 1625 1666 (n)
1654 1619 1920 1661 distinxerunt,

324 1681 363 1717 &
390 1692 468 1717 eam
501 1679 574 1717 hoc
600 1679 733 1716 arteriae
773 1678 925 1715 nomine
958 1679 1065 1714 unice
1094 1677 1264 1725 intelligit
1296 1677 1661 1723 AR1sToTELEs.
1711 1675 1829 1715 Prima
1863 1674 1924 1714 au‘-

316 1746 400 1778 tem
419 1740 588 1777 omnium
610 1739 747 1776 levium
765 1738 801 1775 &
832 1737 1114 1784 sanguineorum
1144 1736 1309 1774 vasorum
1335 1737 1459 1774 arteria
1488 1735 1578 1773 ditia
1606 1737 1676 1779 est,
1711 1748 1791 1786 quae
1826 1738 1924 1785 prin-

303 1811 409 1849 ·aeeps
431 1810 478 1838 ex
494 1798 605 1837 corde
630 1799 745 1839 oritur
772 1797 861 1848 (0),
877 1796 1055 1849 paulatim
1073 1795 1219 1846 reliquae
1233 1825 1244 1840 ,
1269 1789 1314 1836 ,ut
1343 1797 1499 1835 omnino
1526 1807 1589 1833 eos
1609 1796 1722 1835 libros
1738 1824 1748 1839 ‚
1781 1797 1843 1846 qui
1867 1797 1922 1833 in-

1866 1861 1920 1892 ter

366 2001 421 2038 (e)
449 2002 648 2042 Micrograph.
670 2012 697 2040 p.
729 2007 796 2039 ¹84-

365 2041 424 2080 (f)
452 2042 552 2083 philost
575 2042 709 2081 trmffizc‘l.
735 2053 763 2074 n.
794 2047 862 2078 284.

363 2084 431 2122 (g)
459 2083 597 2123 ildicrosc.
617 2083 721 2124 olyerv.

363 2125 431 2201 (hi
462 2126 521 2156 Lib.
546 2125 595 2156 ΙΙΙ.

364 2164 399 2200 (τ’
455 2166 541 2197 Rus
555 2177 575 2196 u
592 2177 603 2197 s
627 2167 650 2198 E
666 2177 680 2196 P
695 2177 717 2197 Η
733 2177 772 2197 iss
791 2178 799 2196 i
816 2177 858 2197 us
884 2166 918 2195 de
943 2166 1071 2203 appellat.
1093 2170 1170 2202 part.
1192 2175 1220 2205 p.
1248 2175 1295 2202 4²·
1323 2163 1436 2195 ‘Confer
1473 2161 1667 2194 doffiffimum
1704 2160 1797 2194 virum
1825 2161 1885 2192 Mn
1898 2173 1923 2193 t·-

304 2233 307 2235 .
321 2214 366 2236 so
380 2217 401 2235 M
414 2218 422 2235 1
437 2216 461 2236 U
477 2219 496 2236 M
522 2209 551 2237 in
578 2215 760 2238 commentar.
785 2210 822 2237 ad
844 2206 1001 2244 formulam
1025 2208 1047 2236 C
1060 2217 1078 2236 Α
1092 2217 1103 2236 s
1117 2217 1184 2247 ⁵6⁰
1200 2218 1218 2237 n
1231 2217 1248 2237 o
1261 2217 1278 2237 a
1295 2218 1304 2236 ι
1329 2217 1358 2246 p.
1388 2207 1439 2244 ὃς,

365 2247 428 2282 (k)
447 2260 499 2282 περι
515 2259 598 2279 ποπων
616 2261 664 2276 των
683 2261 736 2277 κατ
751 2249 881 2287 ανθρωπον
910 2258 936 2276 n.
968 2252 994 2277 6.

366 2287 420 2324 (l)
452 2289 559 2317 Histor.
579 2290 668 2317 anim.
697 2288 757 2318 Lib.
790 2289 841 2319 ill.
867 2299 890 2319 c.
912 2299 939 2324 4.
973 2288 1034 2319 Lib.
1070 2288 1092 2319 Ῑ.
1113 2298 1137 2319 c.
1159 2293 1204 2319 16.

363 2328 441 2364 (m)
464 2328 551 2358 Rur
568 2339 613 2358 us
659 2329 675 2357 Ι.
711 2339 735 2359 c.

364 2369 431 2405 (n)
453 2367 627 2400 Cusus
650 2370 710 2400 Lib.
739 2370 792 2401 IV.
822 2380 845 2401 c.
870 2381 888 2401 r.

363 2411 497 2481 (⁰)L‘ffe
515 2408 564 2482 fiffi
586 2417 694 2441 natura
721 2421 749 2450 p.
780 2421 847 2451 274.
875 2413 909 2442 de
930 2414 1051 2452 princip.
1078 2413 1117 2451 ἒξ
1129 2413 1239 2444 carnih.
1271 2420 1385 2452 p0250.
1403 2411 1471 2446 edb.
1499 2410 1523 2442 L
1535 2420 1545 2442 ¹
1557 2420 1610 2443 Nn
1622 2419 1681 2441 RN.
1710 2405 1732 2440 Α
1749 2418 1766 2438 R
1783 2415 1830 2438 ΕΤ
1844 2417 1921 2442 AEUS

320 2456 396 2481 aeut.
450 2461 458 2481 1
479 2474 486 2482 .
544 2474 551 2482 .
574 2461 601 2484 ,c-
632 2461 655 2482 ι.
