<?xml version="1.0" encoding="UTF-8"?>
<!DOCTYPE html PUBLIC "-//W3C//DTD XHTML 1.0 Transitional//EN"
    "http://www.w3.org/TR/xhtml1/DTD/xhtml1-transitional.dtd">
<html xmlns="http://www.w3.org/1999/xhtml" xml:lang="en" lang="en">
 <head>
  <title>
</title>
<meta http-equiv="Content-Type" content="text/html;charset=utf-8" />
  <meta name='ocr-system' content='tesseract 3.04.00' />
  <meta name='ocr-capabilities' content='ocr_page ocr_carea ocr_par ocr_line ocrx_word'/>
</head>
<body>
  <div class='ocr_page' id='page_1' title='image "./elementaphysiolo01hall_0403.png"; bbox 0 0 2003 2748; ppageno 0'>
   <div class='ocr_carea' id='block_1_1' title="bbox 361 107 1645 160">
    <p class='ocr_par' dir='ltr' id='par_1_1' title="bbox 361 107 1645 160">
     <span class='ocr_line' id='line_1_1' title="bbox 361 107 1645 160; baseline 0.009 -11"><span class='ocrx_word' id='word_1_1' title='bbox 361 107 1336 151; x_wconf 69' lang='lat' dir='ltr'><strong>SECTIILCORDISFABRICA.</strong></span> <span class='ocrx_word' id='word_1_2' title='bbox 1567 122 1645 160; x_wconf 83' lang='lat'>377</span> 
     </span>
    </p>
   </div>
   <div class='ocr_carea' id='block_1_2' title="bbox 42 201 1649 1737">
    <p class='ocr_par' dir='ltr' id='par_1_2' title="bbox 51 201 1649 609">
     <span class='ocr_line' id='line_1_2' title="bbox 112 201 1648 255; baseline 0 -11"><span class='ocrx_word' id='word_1_3' title='bbox 112 206 206 244; x_wconf 80' lang='lat' dir='ltr'>Alias</span> <span class='ocrx_word' id='word_1_4' title='bbox 230 207 266 244; x_wconf 91' lang='lat' dir='ltr'>in</span> <span class='ocrx_word' id='word_1_5' title='bbox 290 207 389 244; x_wconf 89' lang='lat' dir='ltr'>venis</span> <span class='ocrx_word' id='word_1_6' title='bbox 409 206 607 243; x_wconf 84' lang='lat' dir='ltr'>coronariis</span> <span class='ocrx_word' id='word_1_7' title='bbox 631 205 787 244; x_wconf 86' lang='lat' dir='ltr'>valvulas</span> <span class='ocrx_word' id='word_1_8' title='bbox 803 233 812 248; x_wconf 89' lang='lat'><strong>,</strong></span> <span class='ocrx_word' id='word_1_9' title='bbox 861 217 880 242; x_wconf 91' lang='lat' dir='ltr'>a</span> <span class='ocrx_word' id='word_1_10' title='bbox 912 204 1013 243; x_wconf 88' lang='lat' dir='ltr'>claris</span> <span class='ocrx_word' id='word_1_11' title='bbox 1048 206 1131 242; x_wconf 88' lang='lat' dir='ltr'>viris</span> <span class='ocrx_word' id='word_1_12' title='bbox 1164 204 1261 255; x_wconf 84' lang='lat' dir='ltr'>(h)</span> <span class='ocrx_word' id='word_1_13' title='bbox 1291 207 1327 244; x_wconf 88' lang='lat'>&amp;</span> <span class='ocrx_word' id='word_1_14' title='bbox 1349 206 1385 243; x_wconf 92' lang='lat' dir='ltr'>in</span> <span class='ocrx_word' id='word_1_15' title='bbox 1407 201 1555 244; x_wconf 84' lang='lat' dir='ltr'>dimidia</span> <span class='ocrx_word' id='word_1_16' title='bbox 1576 207 1648 244; x_wconf 85' lang='lat' dir='ltr'>fere</span> 
     </span>
     <span class='ocr_line' id='line_1_3' title="bbox 53 262 1649 315; baseline 0.001 -13"><span class='ocrx_word' id='word_1_17' title='bbox 53 274 153 315; x_wconf 87' lang='lat' dir='ltr'>parte</span> <span class='ocrx_word' id='word_1_18' title='bbox 177 265 373 303; x_wconf 85' lang='lat' dir='ltr'>incisorum</span> <span class='ocrx_word' id='word_1_19' title='bbox 399 277 598 313; x_wconf 89' lang='lat' dir='ltr'>corporum</span> <span class='ocrx_word' id='word_1_20' title='bbox 628 266 672 302; x_wconf 89' lang='lat' dir='ltr'>ab</span> <span class='ocrx_word' id='word_1_21' title='bbox 697 264 773 313; x_wconf 80' lang='lat' dir='ltr'>ipso</span> <span class='ocrx_word' id='word_1_22' title='bbox 810 263 890 301; x_wconf 91' lang='lat' dir='ltr'>Mo</span> <span class='ocrx_word' id='word_1_23' title='bbox 905 276 929 301; x_wconf 84' lang='lat' dir='ltr'>R</span> <span class='ocrx_word' id='word_1_24' title='bbox 943 276 967 300; x_wconf 83' lang='lat' dir='ltr'>G</span> <span class='ocrx_word' id='word_1_25' title='bbox 981 275 1003 300; x_wconf 81' lang='grc' dir='ltr'><strong>Α</strong></span> <span class='ocrx_word' id='word_1_26' title='bbox 1021 276 1082 301; x_wconf 72' lang='lat' dir='ltr'>GN</span> <span class='ocrx_word' id='word_1_27' title='bbox 1097 276 1120 301; x_wconf 94' lang='lat' dir='ltr'>o</span> <span class='ocrx_word' id='word_1_28' title='bbox 1146 265 1165 313; x_wconf 89' lang='lat'>(</span> <span class='ocrx_word' id='word_1_29' title='bbox 1184 266 1198 301; x_wconf 90' lang='lat' dir='ltr'>i</span> <span class='ocrx_word' id='word_1_30' title='bbox 1216 262 1233 314; x_wconf 88' lang='grc'>&gt;</span> <span class='ocrx_word' id='word_1_31' title='bbox 1265 266 1370 308; x_wconf 85' lang='lat' dir='ltr'>visas,</span> <span class='ocrx_word' id='word_1_32' title='bbox 1407 278 1478 314; x_wconf 88' lang='lat' dir='ltr'>ego</span> <span class='ocrx_word' id='word_1_33' title='bbox 1498 267 1649 315; x_wconf 87' lang='lat' dir='ltr'>quidem</span> 
     </span>
     <span class='ocr_line' id='line_1_4' title="bbox 51 322 1648 371; baseline 0.001 -9"><span class='ocrx_word' id='word_1_34' title='bbox 51 335 131 362; x_wconf 86' lang='lat' dir='ltr'>non</span> <span class='ocrx_word' id='word_1_35' title='bbox 160 326 310 362; x_wconf 83' lang='lat' dir='ltr'>memini</span> <span class='ocrx_word' id='word_1_36' title='bbox 335 336 394 361; x_wconf 87' lang='lat' dir='ltr'>me</span> <span class='ocrx_word' id='word_1_37' title='bbox 422 322 542 360; x_wconf 83' lang='lat' dir='ltr'>vidiffe</span> <span class='ocrx_word' id='word_1_38' title='bbox 567 324 619 370; x_wconf 67' lang='lat' dir='ltr'>(k</span> <span class='ocrx_word' id='word_1_39' title='bbox 636 323 668 371; x_wconf 85' lang='lat'>).</span> <span class='ocrx_word' id='word_1_40' title='bbox 701 322 745 360; x_wconf 88' lang='lat' dir='ltr'>Et</span> <span class='ocrx_word' id='word_1_41' title='bbox 766 331 910 360; x_wconf 84' lang='lat' dir='ltr'>certum</span> <span class='ocrx_word' id='word_1_42' title='bbox 942 323 1010 365; x_wconf 89' lang='lat' dir='ltr'>est,</span> <span class='ocrx_word' id='word_1_43' title='bbox 1044 334 1174 361; x_wconf 90' lang='lat' dir='ltr'>omnes</span> <span class='ocrx_word' id='word_1_44' title='bbox 1203 335 1311 362; x_wconf 86' lang='lat' dir='ltr'>venas</span> <span class='ocrx_word' id='word_1_45' title='bbox 1343 325 1462 362; x_wconf 89' lang='lat' dir='ltr'>cordis</span> <span class='ocrx_word' id='word_1_46' title='bbox 1488 327 1534 362; x_wconf 83' lang='lat' dir='ltr'>ita</span> <span class='ocrx_word' id='word_1_47' title='bbox 1559 326 1648 363; x_wconf 83' lang='lat' dir='ltr'>lihe-</span> 
     </span>
     <span class='ocr_line' id='line_1_5' title="bbox 53 380 1646 433; baseline 0.001 -12"><span class='ocrx_word' id='word_1_48' title='bbox 53 395 107 420; x_wconf 83' lang='lat' dir='ltr'>ras</span> <span class='ocrx_word' id='word_1_49' title='bbox 119 394 237 433; x_wconf 83' lang='lat' dir='ltr'>patere</span> <span class='ocrx_word' id='word_1_50' title='bbox 250 412 258 426; x_wconf 89' lang='lat'>,</span> <span class='ocrx_word' id='word_1_51' title='bbox 287 391 328 421; x_wconf 89' lang='lat' dir='ltr'>ut</span> <span class='ocrx_word' id='word_1_52' title='bbox 339 382 463 420; x_wconf 86' lang='lat' dir='ltr'>sebum</span> <span class='ocrx_word' id='word_1_53' title='bbox 475 383 567 419; x_wconf 91' lang='lat' dir='ltr'>ostio</span> <span class='ocrx_word' id='word_1_54' title='bbox 584 394 683 419; x_wconf 80' lang='lat' dir='ltr'>venae</span> <span class='ocrx_word' id='word_1_55' title='bbox 702 383 899 419; x_wconf 83' lang='lat' dir='ltr'>coronariae</span> <span class='ocrx_word' id='word_1_56' title='bbox 918 380 1121 425; x_wconf 75' lang='lat' dir='ltr'>inmissum,</span> <span class='ocrx_word' id='word_1_57' title='bbox 1156 394 1284 420; x_wconf 90' lang='lat' dir='ltr'>omnes</span> <span class='ocrx_word' id='word_1_58' title='bbox 1296 383 1402 431; x_wconf 87' lang='lat' dir='ltr'>hujus</span> <span class='ocrx_word' id='word_1_59' title='bbox 1417 397 1516 422; x_wconf 86' lang='lat' dir='ltr'>venae</span> <span class='ocrx_word' id='word_1_60' title='bbox 1529 398 1646 423; x_wconf 81' lang='lat' dir='ltr'>ramos</span> 
     </span>
     <span class='ocr_line' id='line_1_6' title="bbox 53 440 1647 494; baseline 0.001 -15"><span class='ocrx_word' id='word_1_61' title='bbox 53 443 206 491; x_wconf 80' lang='lat' dir='ltr'>repleat,</span> <span class='ocrx_word' id='word_1_62' title='bbox 233 445 343 492; x_wconf 87' lang='lat' dir='ltr'>inque</span> <span class='ocrx_word' id='word_1_63' title='bbox 368 453 482 479; x_wconf 86' lang='lat' dir='ltr'>onnes</span> <span class='ocrx_word' id='word_1_64' title='bbox 504 442 634 490; x_wconf 84' lang='lat' dir='ltr'>pariter</span> <span class='ocrx_word' id='word_1_65' title='bbox 658 441 739 478; x_wconf 86' lang='lat' dir='ltr'>alias</span> <span class='ocrx_word' id='word_1_66' title='bbox 761 454 867 478; x_wconf 88' lang='lat' dir='ltr'>venas</span> <span class='ocrx_word' id='word_1_67' title='bbox 888 440 1008 478; x_wconf 79' lang='lat' dir='ltr'>cordis</span> <span class='ocrx_word' id='word_1_68' title='bbox 1028 441 1195 491; x_wconf 82' lang='lat' dir='ltr'>expedite</span> <span class='ocrx_word' id='word_1_69' title='bbox 1227 442 1375 480; x_wconf 82' lang='lat' dir='ltr'>transeat</span> <span class='ocrx_word' id='word_1_70' title='bbox 1401 442 1480 494; x_wconf 88' lang='lat' dir='ltr'><em>(l).</em></span> <span class='ocrx_word' id='word_1_71' title='bbox 1515 445 1578 481; x_wconf 89' lang='lat' dir='ltr'>Uti</span> <span class='ocrx_word' id='word_1_72' title='bbox 1596 447 1647 481; x_wconf 88' lang='lat' dir='ltr'>vi-</span> 
     </span>
     <span class='ocr_line' id='line_1_7' title="bbox 53 499 1641 551; baseline 0.002 -13"><span class='ocrx_word' id='word_1_73' title='bbox 53 501 164 538; x_wconf 84' lang='lat' dir='ltr'>ciffim</span> <span class='ocrx_word' id='word_1_74' title='bbox 187 503 224 538; x_wconf 91' lang='lat' dir='ltr'>in</span> <span class='ocrx_word' id='word_1_75' title='bbox 246 501 381 538; x_wconf 86' lang='lat' dir='ltr'>nullam</span> <span class='ocrx_word' id='word_1_76' title='bbox 400 500 619 548; x_wconf 79' lang='lat' dir='ltr'>reliquarum</span> <span class='ocrx_word' id='word_1_77' title='bbox 643 511 816 539; x_wconf 85' lang='lat' dir='ltr'>venarum</span> <span class='ocrx_word' id='word_1_78' title='bbox 839 499 960 538; x_wconf 91' lang='lat' dir='ltr'>cordis</span> <span class='ocrx_word' id='word_1_79' title='bbox 986 507 1046 538; x_wconf 86' lang='lat' dir='ltr'>aut</span> <span class='ocrx_word' id='word_1_80' title='bbox 1066 512 1204 544; x_wconf 89' lang='lat' dir='ltr'>aerem,</span> <span class='ocrx_word' id='word_1_81' title='bbox 1233 510 1294 540; x_wconf 81' lang='lat' dir='ltr'>aut</span> <span class='ocrx_word' id='word_1_82' title='bbox 1308 513 1437 551; x_wconf 80' lang='lat' dir='ltr'>aquam</span> <span class='ocrx_word' id='word_1_83' title='bbox 1459 504 1641 551; x_wconf 78' lang='lat' dir='ltr'>injeceris,</span> 
     </span>
     <span class='ocr_line' id='line_1_8' title="bbox 53 557 543 609; baseline -0.002 -12"><span class='ocrx_word' id='word_1_84' title='bbox 53 562 140 609; x_wconf 91' lang='lat' dir='ltr'>quin</span> <span class='ocrx_word' id='word_1_85' title='bbox 166 562 202 597; x_wconf 90' lang='lat' dir='ltr'>in</span> <span class='ocrx_word' id='word_1_86' title='bbox 236 571 362 597; x_wconf 87' lang='lat' dir='ltr'>omnes</span> <span class='ocrx_word' id='word_1_87' title='bbox 387 557 543 596; x_wconf 82' lang='lat' dir='ltr'>transeat.</span> 
     </span>
    </p>

    <p class='ocr_par' dir='ltr' id='par_1_3' title="bbox 42 617 1645 1737">
     <span class='ocr_line' id='line_1_9' title="bbox 110 617 1645 664; baseline 0.001 -7"><span class='ocrx_word' id='word_1_88' title='bbox 110 619 165 657; x_wconf 84' lang='lat' dir='ltr'>Ex</span> <span class='ocrx_word' id='word_1_89' title='bbox 190 631 234 655; x_wconf 89' lang='lat' dir='ltr'>eo</span> <span class='ocrx_word' id='word_1_90' title='bbox 260 629 358 656; x_wconf 90' lang='lat' dir='ltr'>nunc</span> <span class='ocrx_word' id='word_1_91' title='bbox 379 617 493 660; x_wconf 81' lang='lat' dir='ltr'>ostio,</span> <span class='ocrx_word' id='word_1_92' title='bbox 528 630 605 656; x_wconf 88' lang='lat' dir='ltr'>non</span> <span class='ocrx_word' id='word_1_93' title='bbox 627 619 732 656; x_wconf 87' lang='lat' dir='ltr'>unica</span> <span class='ocrx_word' id='word_1_94' title='bbox 761 630 851 656; x_wconf 86' lang='lat' dir='ltr'>vena</span> <span class='ocrx_word' id='word_1_95' title='bbox 876 621 1085 662; x_wconf 86' lang='lat' dir='ltr'>coronaria,</span> <span class='ocrx_word' id='word_1_96' title='bbox 1118 619 1179 657; x_wconf 89' lang='lat' dir='ltr'>sed</span> <span class='ocrx_word' id='word_1_97' title='bbox 1207 619 1286 658; x_wconf 86' lang='lat' dir='ltr'>duae</span> <span class='ocrx_word' id='word_1_98' title='bbox 1310 622 1465 658; x_wconf 89' lang='lat' dir='ltr'>omnino</span> <span class='ocrx_word' id='word_1_99' title='bbox 1481 649 1490 664; x_wconf 89' lang='lat'>,</span> <span class='ocrx_word' id='word_1_100' title='bbox 1525 622 1560 658; x_wconf 86' lang='lat'>&amp;</span> <span class='ocrx_word' id='word_1_101' title='bbox 1578 623 1645 659; x_wconf 83' lang='lat' dir='ltr'>mi-</span> 
     </span>
     <span class='ocr_line' id='line_1_10' title="bbox 52 675 1645 729; baseline 0.004 -16"><span class='ocrx_word' id='word_1_102' title='bbox 52 679 149 716; x_wconf 87' lang='lat' dir='ltr'>nime</span> <span class='ocrx_word' id='word_1_103' title='bbox 173 677 417 727; x_wconf 78' lang='lat' dir='ltr'><strong>infrequenter</strong></span> <span class='ocrx_word' id='word_1_104' title='bbox 442 675 532 720; x_wconf 83' lang='lat' dir='ltr'>tres,</span> <span class='ocrx_word' id='word_1_105' title='bbox 562 680 709 716; x_wconf 86' lang='lat' dir='ltr'>venaein</span> <span class='ocrx_word' id='word_1_106' title='bbox 727 678 906 716; x_wconf 90' lang='lat' dir='ltr'>diversum</span> <span class='ocrx_word' id='word_1_107' title='bbox 930 679 1072 717; x_wconf 90' lang='lat' dir='ltr'>abeunt.</span> <span class='ocrx_word' id='word_1_108' title='bbox 1108 677 1279 729; x_wconf 82' lang='lat' dir='ltr'><strong>Princeps</strong></span> <span class='ocrx_word' id='word_1_109' title='bbox 1299 692 1444 724; x_wconf 89' lang='lat' dir='ltr'>earum,</span> <span class='ocrx_word' id='word_1_110' title='bbox 1478 693 1560 719; x_wconf 86' lang='lat' dir='ltr'>vera</span> <span class='ocrx_word' id='word_1_111' title='bbox 1582 693 1645 719; x_wconf 90' lang='lat' dir='ltr'>co-</span> 
     </span>
     <span class='ocr_line' id='line_1_11' title="bbox 51 735 1644 787; baseline 0.003 -14"><span class='ocrx_word' id='word_1_112' title='bbox 51 738 190 773; x_wconf 88' lang='lat' dir='ltr'>ronaria</span> <span class='ocrx_word' id='word_1_113' title='bbox 211 765 220 780; x_wconf 92' lang='lat'>‚</span> <span class='ocrx_word' id='word_1_114' title='bbox 254 736 412 785; x_wconf 85' lang='lat' dir='ltr'>sequitur</span> <span class='ocrx_word' id='word_1_115' title='bbox 433 735 590 774; x_wconf 86' lang='lat' dir='ltr'>radicem</span> <span class='ocrx_word' id='word_1_116' title='bbox 619 736 744 775; x_wconf 79' lang='lat' dir='ltr'>finistri</span> <span class='ocrx_word' id='word_1_117' title='bbox 772 737 865 775; x_wconf 88' lang='lat' dir='ltr'><strong>finus</strong></span> <span class='ocrx_word' id='word_1_118' title='bbox 882 766 892 781; x_wconf 86' lang='lat'><strong>,</strong></span> <span class='ocrx_word' id='word_1_119' title='bbox 927 745 1033 787; x_wconf 82' lang='lat' dir='ltr'>atque</span> <span class='ocrx_word' id='word_1_120' title='bbox 1063 738 1156 776; x_wconf 87' lang='lat' dir='ltr'>inter</span> <span class='ocrx_word' id='word_1_121' title='bbox 1187 740 1262 786; x_wconf 86' lang='lat' dir='ltr'>ejus</span> <span class='ocrx_word' id='word_1_122' title='bbox 1296 740 1521 778; x_wconf 83' lang='lat' dir='ltr'>membranas</span> <span class='ocrx_word' id='word_1_123' title='bbox 1547 743 1644 779; x_wconf 87' lang='lat' dir='ltr'>ince-</span> 
     </span>
     <span class='ocr_line' id='line_1_12' title="bbox 52 795 1644 845; baseline 0.003 -13"><span class='ocrx_word' id='word_1_124' title='bbox 52 795 124 837; x_wconf 89' lang='lat' dir='ltr'>dit,</span> <span class='ocrx_word' id='word_1_125' title='bbox 159 796 276 833; x_wconf 87' lang='lat' dir='ltr'>multo</span> <span class='ocrx_word' id='word_1_126' title='bbox 306 795 392 832; x_wconf 62' lang='lat' dir='ltr'>tedia</span> <span class='ocrx_word' id='word_1_127' title='bbox 414 795 538 844; x_wconf 84' lang='lat' dir='ltr'>adipe,</span> <span class='ocrx_word' id='word_1_128' title='bbox 572 796 675 845; x_wconf 85' lang='lat' dir='ltr'>supra</span> <span class='ocrx_word' id='word_1_129' title='bbox 704 799 869 834; x_wconf 81' lang='lat' dir='ltr'>arteriam</span> <span class='ocrx_word' id='word_1_130' title='bbox 899 799 1125 835; x_wconf 85' lang='lat' dir='ltr'>coronariam</span> <span class='ocrx_word' id='word_1_131' title='bbox 1152 797 1347 842; x_wconf 72' lang='lat' dir='ltr'>smfflram,</span> <span class='ocrx_word' id='word_1_132' title='bbox 1383 800 1421 837; x_wconf 72' lang='grc' dir='ltr'>δε</span> <span class='ocrx_word' id='word_1_133' title='bbox 1448 799 1644 838; x_wconf 82' lang='lat' dir='ltr'>retrorsum</span> 
     </span>
     <span class='ocr_line' id='line_1_13' title="bbox 49 853 1642 907; baseline 0.003 -15"><span class='ocrx_word' id='word_1_134' title='bbox 49 855 94 892; x_wconf 89' lang='lat' dir='ltr'>ad</span> <span class='ocrx_word' id='word_1_135' title='bbox 117 854 285 892; x_wconf 89' lang='lat' dir='ltr'>obtusum</span> <span class='ocrx_word' id='word_1_136' title='bbox 315 856 516 902; x_wconf 81' lang='lat' dir='ltr'>marginem</span> <span class='ocrx_word' id='word_1_137' title='bbox 541 867 603 904; x_wconf 85' lang='lat' dir='ltr'>per</span> <span class='ocrx_word' id='word_1_138' title='bbox 640 856 767 893; x_wconf 84' lang='lat' dir='ltr'>faciem</span> <span class='ocrx_word' id='word_1_139' title='bbox 793 853 936 905; x_wconf 81' lang='lat' dir='ltr'>planam</span> <span class='ocrx_word' id='word_1_140' title='bbox 961 857 1093 904; x_wconf 82' lang='lat' dir='ltr'>migrat</span> <span class='ocrx_word' id='word_1_141' title='bbox 1121 855 1226 906; x_wconf 85' lang='lat' dir='ltr'>(m).</span> <span class='ocrx_word' id='word_1_142' title='bbox 1262 856 1305 894; x_wconf 89' lang='lat' dir='ltr'>In</span> <span class='ocrx_word' id='word_1_143' title='bbox 1332 870 1371 895; x_wconf 84' lang='lat' dir='ltr'>ea</span> <span class='ocrx_word' id='word_1_144' title='bbox 1399 867 1499 907; x_wconf 87' lang='lat' dir='ltr'>parte</span> <span class='ocrx_word' id='word_1_145' title='bbox 1522 861 1642 896; x_wconf 88' lang='lat' dir='ltr'>cordis</span> 
     </span>
     <span class='ocr_line' id='line_1_14' title="bbox 51 912 1642 961; baseline 0.003 -10"><span class='ocrx_word' id='word_1_146' title='bbox 51 913 243 952; x_wconf 85' lang='lat' dir='ltr'>&amp;sursum</span> <span class='ocrx_word' id='word_1_147' title='bbox 273 915 311 950; x_wconf 89' lang='lat' dir='ltr'>in</span> <span class='ocrx_word' id='word_1_148' title='bbox 343 912 519 951; x_wconf 84' lang='lat' dir='ltr'>finistrum</span> <span class='ocrx_word' id='word_1_149' title='bbox 545 913 661 952; x_wconf 87' lang='lat' dir='ltr'>smum</span> <span class='ocrx_word' id='word_1_150' title='bbox 694 914 780 961; x_wconf 83' lang='lat' dir='ltr'>(n)</span> <span class='ocrx_word' id='word_1_151' title='bbox 799 927 918 954; x_wconf 85' lang='lat' dir='ltr'>ramos</span> <span class='ocrx_word' id='word_1_152' title='bbox 944 915 1076 958; x_wconf 89' lang='lat' dir='ltr'>mittit,</span> <span class='ocrx_word' id='word_1_153' title='bbox 1121 916 1158 952; x_wconf 65' lang='grc' dir='ltr'>ὃς</span> <span class='ocrx_word' id='word_1_154' title='bbox 1190 915 1359 954; x_wconf 84' lang='lat' dir='ltr'>deorsum</span> <span class='ocrx_word' id='word_1_155' title='bbox 1390 919 1430 954; x_wconf 83' lang='lat' dir='ltr'>in</span> <span class='ocrx_word' id='word_1_156' title='bbox 1463 920 1642 957; x_wconf 83' lang='lat' dir='ltr'>ventricu-</span> 
     </span>
     <span class='ocr_line' id='line_1_15' title="bbox 48 971 1642 1027; baseline 0.004 -18"><span class='ocrx_word' id='word_1_157' title='bbox 48 971 146 1016; x_wconf 89' lang='lat' dir='ltr'>lum,</span> <span class='ocrx_word' id='word_1_158' title='bbox 181 973 299 1010; x_wconf 85' lang='lat' dir='ltr'>versus</span> <span class='ocrx_word' id='word_1_159' title='bbox 336 973 455 1010; x_wconf 86' lang='lat' dir='ltr'>cordis</span> <span class='ocrx_word' id='word_1_160' title='bbox 483 985 700 1011; x_wconf 88' lang='lat' dir='ltr'>mucronem</span> <span class='ocrx_word' id='word_1_161' title='bbox 725 974 828 1022; x_wconf 85' lang='lat' dir='ltr'>(o);</span> <span class='ocrx_word' id='word_1_162' title='bbox 869 986 914 1012; x_wconf 88' lang='lat' dir='ltr'>eo</span> <span class='ocrx_word' id='word_1_163' title='bbox 947 974 1097 1023; x_wconf 83' lang='lat' dir='ltr'>quidem</span> <span class='ocrx_word' id='word_1_164' title='bbox 1132 974 1219 1013; x_wconf 85' lang='lat' dir='ltr'>duas</span> <span class='ocrx_word' id='word_1_165' title='bbox 1238 1003 1248 1018; x_wconf 90' lang='lat'>‚</span> <span class='ocrx_word' id='word_1_166' title='bbox 1282 982 1342 1014; x_wconf 82' lang='lat' dir='ltr'>aut</span> <span class='ocrx_word' id='word_1_167' title='bbox 1372 982 1442 1014; x_wconf 90' lang='lat' dir='ltr'>tres</span> <span class='ocrx_word' id='word_1_168' title='bbox 1471 979 1642 1027; x_wconf 81' lang='lat' dir='ltr'>propagi-</span> 
     </span>
     <span class='ocr_line' id='line_1_16' title="bbox 48 1032 1641 1084; baseline 0.004 -16"><span class='ocrx_word' id='word_1_169' title='bbox 48 1044 112 1069; x_wconf 79' lang='lat' dir='ltr'>nes</span> <span class='ocrx_word' id='word_1_170' title='bbox 127 1061 135 1075; x_wconf 88' lang='lat'>‚</span> <span class='ocrx_word' id='word_1_171' title='bbox 162 1044 240 1080; x_wconf 88' lang='lat' dir='ltr'>quae</span> <span class='ocrx_word' id='word_1_172' title='bbox 262 1034 354 1068; x_wconf 87' lang='lat' dir='ltr'>inter</span> <span class='ocrx_word' id='word_1_173' title='bbox 378 1032 411 1069; x_wconf 91' lang='lat' dir='ltr'>se</span> <span class='ocrx_word' id='word_1_174' title='bbox 435 1033 612 1076; x_wconf 88' lang='lat' dir='ltr'>invicem,</span> <span class='ocrx_word' id='word_1_175' title='bbox 648 1034 684 1070; x_wconf 88' lang='lat'>&amp;</span> <span class='ocrx_word' id='word_1_176' title='bbox 713 1044 798 1070; x_wconf 90' lang='lat' dir='ltr'>cum</span> <span class='ocrx_word' id='word_1_177' title='bbox 821 1045 911 1070; x_wconf 87' lang='lat' dir='ltr'>vena</span> <span class='ocrx_word' id='word_1_178' title='bbox 933 1033 1052 1071; x_wconf 89' lang='lat' dir='ltr'>cordis</span> <span class='ocrx_word' id='word_1_179' title='bbox 1070 1034 1189 1071; x_wconf 87' lang='lat' dir='ltr'>media</span> <span class='ocrx_word' id='word_1_180' title='bbox 1213 1034 1419 1084; x_wconf 82' lang='lat' dir='ltr'>frequenter</span> <span class='ocrx_word' id='word_1_181' title='bbox 1440 1037 1641 1075; x_wconf 82' lang='lat' dir='ltr'>inosculan-</span> 
     </span>
     <span class='ocr_line' id='line_1_17' title="bbox 48 1090 1640 1145; baseline 0.005 -19"><span class='ocrx_word' id='word_1_182' title='bbox 48 1096 116 1127; x_wconf 71' lang='lat' dir='ltr'>tur.</span> <span class='ocrx_word' id='word_1_183' title='bbox 151 1090 293 1127; x_wconf 78' lang='lat' dir='ltr'>Venam</span> <span class='ocrx_word' id='word_1_184' title='bbox 316 1103 402 1128; x_wconf 85' lang='lat' dir='ltr'>vero</span> <span class='ocrx_word' id='word_1_185' title='bbox 422 1092 609 1139; x_wconf 85' lang='lat' dir='ltr'>pericardii</span> <span class='ocrx_word' id='word_1_186' title='bbox 639 1092 658 1138; x_wconf 86' lang='lat'><strong>(</strong></span> <span class='ocrx_word' id='word_1_187' title='bbox 675 1092 736 1140; x_wconf 81' lang='lat' dir='ltr'>p)</span> <span class='ocrx_word' id='word_1_188' title='bbox 760 1103 805 1128; x_wconf 83' lang='lat' dir='ltr'>ex</span> <span class='ocrx_word' id='word_1_189' title='bbox 826 1104 866 1130; x_wconf 86' lang='lat' dir='ltr'>ea</span> <span class='ocrx_word' id='word_1_190' title='bbox 888 1091 968 1130; x_wconf 92' lang='lat' dir='ltr'>sede</span> <span class='ocrx_word' id='word_1_191' title='bbox 990 1100 1108 1130; x_wconf 83' lang='lat' dir='ltr'>natam</span> <span class='ocrx_word' id='word_1_192' title='bbox 1129 1121 1138 1136; x_wconf 90' lang='lat'><strong>,</strong></span> <span class='ocrx_word' id='word_1_193' title='bbox 1175 1105 1246 1143; x_wconf 88' lang='lat' dir='ltr'>ego</span> <span class='ocrx_word' id='word_1_194' title='bbox 1275 1094 1425 1143; x_wconf 90' lang='lat' dir='ltr'>quidem</span> <span class='ocrx_word' id='word_1_195' title='bbox 1451 1108 1640 1145; x_wconf 86' lang='lat' dir='ltr'>nunquam</span> 
     </span>
     <span class='ocr_line' id='line_1_18' title="bbox 49 1150 1639 1201; baseline 0.005 -16"><span class='ocrx_word' id='word_1_196' title='bbox 49 1150 146 1191; x_wconf 85' lang='lat' dir='ltr'>vidi,</span> <span class='ocrx_word' id='word_1_197' title='bbox 183 1162 289 1198; x_wconf 78' lang='lat' dir='ltr'>quam</span> <span class='ocrx_word' id='word_1_198' title='bbox 322 1150 377 1186; x_wconf 87' lang='lat' dir='ltr'>vel</span> <span class='ocrx_word' id='word_1_199' title='bbox 406 1150 490 1188; x_wconf 85' lang='lat' dir='ltr'>ideo</span> <span class='ocrx_word' id='word_1_200' title='bbox 506 1150 737 1200; x_wconf 84' lang='lat' dir='ltr'>conspicuam</span> <span class='ocrx_word' id='word_1_201' title='bbox 761 1150 836 1188; x_wconf 82' lang='lat' dir='ltr'>fieri</span> <span class='ocrx_word' id='word_1_202' title='bbox 860 1159 1068 1201; x_wconf 87' lang='lat' dir='ltr'>oporteret,</span> <span class='ocrx_word' id='word_1_203' title='bbox 1103 1152 1204 1201; x_wconf 89' lang='lat' dir='ltr'>quod</span> <span class='ocrx_word' id='word_1_204' title='bbox 1233 1165 1278 1190; x_wconf 82' lang='lat' dir='ltr'>ex</span> <span class='ocrx_word' id='word_1_205' title='bbox 1308 1154 1421 1197; x_wconf 89' lang='lat' dir='ltr'>ostio,</span> <span class='ocrx_word' id='word_1_206' title='bbox 1457 1154 1546 1193; x_wconf 91' lang='lat' dir='ltr'>dum</span> <span class='ocrx_word' id='word_1_207' title='bbox 1575 1167 1639 1193; x_wconf 90' lang='lat' dir='ltr'>cor</span> 
     </span>
     <span class='ocr_line' id='line_1_19' title="bbox 49 1208 1276 1258; baseline 0.003 -13"><span class='ocrx_word' id='word_1_208' title='bbox 49 1220 93 1245; x_wconf 89' lang='lat' dir='ltr'>eo</span> <span class='ocrx_word' id='word_1_209' title='bbox 123 1208 221 1246; x_wconf 87' lang='lat' dir='ltr'>sacco</span> <span class='ocrx_word' id='word_1_210' title='bbox 250 1209 405 1246; x_wconf 83' lang='lat' dir='ltr'>nudatur</span> <span class='ocrx_word' id='word_1_211' title='bbox 422 1236 431 1250; x_wconf 90' lang='lat'>‚</span> <span class='ocrx_word' id='word_1_212' title='bbox 467 1208 619 1251; x_wconf 67' lang='lat' dir='ltr'>resedo,</span> <span class='ocrx_word' id='word_1_213' title='bbox 647 1221 726 1247; x_wconf 89' lang='lat' dir='ltr'>non</span> <span class='ocrx_word' id='word_1_214' title='bbox 751 1209 857 1258; x_wconf 83' lang='lat' dir='ltr'>possit</span> <span class='ocrx_word' id='word_1_215' title='bbox 877 1223 955 1248; x_wconf 91' lang='lat' dir='ltr'>non</span> <span class='ocrx_word' id='word_1_216' title='bbox 983 1223 1101 1248; x_wconf 86' lang='lat' dir='ltr'>ceram</span> <span class='ocrx_word' id='word_1_217' title='bbox 1122 1211 1276 1249; x_wconf 87' lang='lat' dir='ltr'>emififfe.</span> 
     </span>
     <span class='ocr_line' id='line_1_20' title="bbox 53 1267 1634 1319; baseline 0.006 -16"><span class='ocrx_word' id='word_1_218' title='bbox 53 1284 57 1289; x_wconf 62' lang='lat'><em>&lt;</em></span> <span class='ocrx_word' id='word_1_219' title='bbox 105 1267 267 1313; x_wconf 80' lang='lat' dir='ltr'>Quando</span> <span class='ocrx_word' id='word_1_220' title='bbox 288 1279 400 1316; x_wconf 88' lang='lat' dir='ltr'>porro</span> <span class='ocrx_word' id='word_1_221' title='bbox 423 1274 571 1305; x_wconf 82' lang='lat' dir='ltr'>truncus</span> <span class='ocrx_word' id='word_1_222' title='bbox 598 1270 808 1306; x_wconf 81' lang='lat' dir='ltr'>coronarius</span> <span class='ocrx_word' id='word_1_223' title='bbox 842 1269 875 1306; x_wconf 88' lang='lat' dir='ltr'>se</span> <span class='ocrx_word' id='word_1_224' title='bbox 904 1271 997 1308; x_wconf 86' lang='lat' dir='ltr'>circa</span> <span class='ocrx_word' id='word_1_225' title='bbox 1023 1272 1226 1319; x_wconf 81' lang='lat' dir='ltr'>marginem</span> <span class='ocrx_word' id='word_1_226' title='bbox 1252 1271 1422 1311; x_wconf 82' lang='lat' dir='ltr'>obtusum</span> <span class='ocrx_word' id='word_1_227' title='bbox 1443 1273 1634 1318; x_wconf 81' lang='lat' dir='ltr'>conflexit,</span> 
     </span>
     <span class='ocr_line' id='line_1_21' title="bbox 43 1326 1639 1381; baseline 0.005 -18"><span class='ocrx_word' id='word_1_228' title='bbox 43 1328 143 1364; x_wconf 87' lang='lat' dir='ltr'>venit</span> <span class='ocrx_word' id='word_1_229' title='bbox 171 1329 207 1363; x_wconf 95' lang='lat' dir='ltr'>in</span> <span class='ocrx_word' id='word_1_230' title='bbox 235 1326 385 1375; x_wconf 87' lang='lat' dir='ltr'>planum</span> <span class='ocrx_word' id='word_1_231' title='bbox 410 1328 566 1365; x_wconf 86' lang='lat' dir='ltr'>anterius</span> <span class='ocrx_word' id='word_1_232' title='bbox 582 1355 592 1370; x_wconf 90' lang='lat'>,</span> <span class='ocrx_word' id='word_1_233' title='bbox 628 1328 771 1377; x_wconf 87' lang='lat' dir='ltr'>ejusque</span> <span class='ocrx_word' id='word_1_234' title='bbox 789 1335 927 1377; x_wconf 83' lang='lat' dir='ltr'>partem</span> <span class='ocrx_word' id='word_1_235' title='bbox 946 1329 1122 1367; x_wconf 87' lang='lat' dir='ltr'>summam</span> <span class='ocrx_word' id='word_1_236' title='bbox 1139 1358 1149 1373; x_wconf 91' lang='lat'><strong>,</strong></span> <span class='ocrx_word' id='word_1_237' title='bbox 1185 1330 1323 1381; x_wconf 86' lang='lat' dir='ltr'>semper</span> <span class='ocrx_word' id='word_1_238' title='bbox 1351 1333 1388 1369; x_wconf 94' lang='lat' dir='ltr'>in</span> <span class='ocrx_word' id='word_1_239' title='bbox 1406 1332 1532 1370; x_wconf 83' lang='lat' dir='ltr'>sinistri</span> <span class='ocrx_word' id='word_1_240' title='bbox 1552 1346 1639 1371; x_wconf 89' lang='lat' dir='ltr'>ven-</span> 
     </span>
     <span class='ocr_line' id='line_1_22' title="bbox 43 1386 1638 1434; baseline 0.005 -12"><span class='ocrx_word' id='word_1_241' title='bbox 43 1386 161 1423; x_wconf 85' lang='lat' dir='ltr'>triculi</span> <span class='ocrx_word' id='word_1_242' title='bbox 185 1387 385 1434; x_wconf 86' lang='lat' dir='ltr'>principio,</span> <span class='ocrx_word' id='word_1_243' title='bbox 423 1387 458 1423; x_wconf 87' lang='lat'>&amp;</span> <span class='ocrx_word' id='word_1_244' title='bbox 485 1398 609 1424; x_wconf 86' lang='lat' dir='ltr'>comes</span> <span class='ocrx_word' id='word_1_245' title='bbox 641 1389 730 1424; x_wconf 84' lang='lat' dir='ltr'>rami</span> <span class='ocrx_word' id='word_1_246' title='bbox 754 1389 941 1425; x_wconf 85' lang='lat' dir='ltr'>anterioris</span> <span class='ocrx_word' id='word_1_247' title='bbox 968 1390 1101 1427; x_wconf 85' lang='lat' dir='ltr'>arteriae</span> <span class='ocrx_word' id='word_1_248' title='bbox 1131 1390 1251 1427; x_wconf 81' lang='lat' dir='ltr'>cordis</span> <span class='ocrx_word' id='word_1_249' title='bbox 1283 1390 1424 1429; x_wconf 87' lang='lat' dir='ltr'>finistrae</span> <span class='ocrx_word' id='word_1_250' title='bbox 1455 1392 1638 1430; x_wconf 84' lang='lat' dir='ltr'>descendit</span> 
     </span>
     <span class='ocr_line' id='line_1_23' title="bbox 43 1444 1635 1498; baseline 0.005 -17"><span class='ocrx_word' id='word_1_251' title='bbox 43 1444 118 1492; x_wconf 76' lang='lat' dir='ltr'>(q)</span> <span class='ocrx_word' id='word_1_252' title='bbox 144 1457 207 1493; x_wconf 87' lang='lat' dir='ltr'>per</span> <span class='ocrx_word' id='word_1_253' title='bbox 230 1444 381 1487; x_wconf 74' lang='lat' dir='ltr'>lineam,</span> <span class='ocrx_word' id='word_1_254' title='bbox 416 1457 495 1494; x_wconf 83' lang='lat' dir='ltr'>quae</span> <span class='ocrx_word' id='word_1_255' title='bbox 525 1445 649 1482; x_wconf 84' lang='lat' dir='ltr'>latenti</span> <span class='ocrx_word' id='word_1_256' title='bbox 675 1447 822 1483; x_wconf 86' lang='lat' dir='ltr'>interius</span> <span class='ocrx_word' id='word_1_257' title='bbox 843 1447 962 1485; x_wconf 84' lang='lat' dir='ltr'>cordis</span> <span class='ocrx_word' id='word_1_258' title='bbox 985 1448 1085 1497; x_wconf 85' lang='lat' dir='ltr'>septo</span> <span class='ocrx_word' id='word_1_259' title='bbox 1105 1448 1318 1498; x_wconf 87' lang='lat' dir='ltr'>respondet,</span> <span class='ocrx_word' id='word_1_260' title='bbox 1353 1451 1397 1488; x_wconf 87' lang='lat' dir='ltr'>ad</span> <span class='ocrx_word' id='word_1_261' title='bbox 1419 1463 1635 1489; x_wconf 88' lang='lat' dir='ltr'>mucronem</span> 
     </span>
     <span class='ocr_line' id='line_1_24' title="bbox 42 1503 1636 1556; baseline 0.005 -16"><span class='ocrx_word' id='word_1_262' title='bbox 42 1503 153 1552; x_wconf 80' lang='lat' dir='ltr'>usque</span> <span class='ocrx_word' id='word_1_263' title='bbox 169 1532 179 1546; x_wconf 88' lang='lat'>,</span> <span class='ocrx_word' id='word_1_264' title='bbox 216 1504 251 1540; x_wconf 69' lang='grc' dir='ltr'>ἃ</span> <span class='ocrx_word' id='word_1_265' title='bbox 285 1503 374 1540; x_wconf 90' lang='lat' dir='ltr'>ultra</span> <span class='ocrx_word' id='word_1_266' title='bbox 404 1516 486 1541; x_wconf 87' lang='lat' dir='ltr'>eum</span> <span class='ocrx_word' id='word_1_267' title='bbox 513 1505 709 1553; x_wconf 60' lang='lat' dir='ltr'>producta,</span> <span class='ocrx_word' id='word_1_268' title='bbox 745 1506 895 1554; x_wconf 88' lang='lat' dir='ltr'>perinde</span> <span class='ocrx_word' id='word_1_269' title='bbox 914 1508 966 1545; x_wconf 89' lang='lat' dir='ltr'>uti</span> <span class='ocrx_word' id='word_1_270' title='bbox 996 1507 1040 1545; x_wconf 94' lang='lat' dir='ltr'>de</span> <span class='ocrx_word' id='word_1_271' title='bbox 1067 1509 1192 1545; x_wconf 86' lang='lat' dir='ltr'>arteria</span> <span class='ocrx_word' id='word_1_272' title='bbox 1215 1509 1373 1547; x_wconf 84' lang='lat' dir='ltr'>diximus</span> <span class='ocrx_word' id='word_1_273' title='bbox 1399 1511 1500 1556; x_wconf 83' lang='lat' dir='ltr'>(r),</span> <span class='ocrx_word' id='word_1_274' title='bbox 1536 1523 1636 1548; x_wconf 79' lang='lat' dir='ltr'>venae</span> 
     </span>
     <span class='ocr_line' id='line_1_25' title="bbox 42 1562 1636 1618; baseline 0.006 -20"><span class='ocrx_word' id='word_1_275' title='bbox 42 1562 170 1600; x_wconf 83' lang='lat' dir='ltr'>mediae</span> <span class='ocrx_word' id='word_1_276' title='bbox 190 1564 347 1600; x_wconf 87' lang='lat' dir='ltr'>occurrit</span> <span class='ocrx_word' id='word_1_277' title='bbox 370 1563 405 1599; x_wconf 89' lang='lat'>&amp;</span> <span class='ocrx_word' id='word_1_278' title='bbox 429 1563 659 1602; x_wconf 84' lang='lat' dir='ltr'>inosculatur.</span> <span class='ocrx_word' id='word_1_279' title='bbox 693 1563 909 1603; x_wconf 88' lang='lat' dir='ltr'>Ventriculo</span> <span class='ocrx_word' id='word_1_280' title='bbox 931 1564 1068 1604; x_wconf 85' lang='lat' dir='ltr'>finistro</span> <span class='ocrx_word' id='word_1_281' title='bbox 1086 1596 1095 1610; x_wconf 94' lang='lat'>‚</span> <span class='ocrx_word' id='word_1_282' title='bbox 1130 1570 1263 1605; x_wconf 77' lang='lat' dir='ltr'>arteriae</span> <span class='ocrx_word' id='word_1_283' title='bbox 1294 1569 1520 1618; x_wconf 86' lang='lat' dir='ltr'>pulmonali,</span> <span class='ocrx_word' id='word_1_284' title='bbox 1556 1583 1636 1608; x_wconf 85' lang='lat' dir='ltr'>aor-</span> 
     </span>
     <span class='ocr_line' id='line_1_26' title="bbox 42 1621 1634 1671; baseline 0.006 -13"><span class='ocrx_word' id='word_1_285' title='bbox 42 1628 87 1658; x_wconf 88' lang='lat' dir='ltr'>tae</span> <span class='ocrx_word' id='word_1_286' title='bbox 115 1621 219 1671; x_wconf 83' lang='lat' dir='ltr'><strong>(s),</strong></span> <span class='ocrx_word' id='word_1_287' title='bbox 253 1621 467 1671; x_wconf 85' lang='lat' dir='ltr'>finistraeque</span> <span class='ocrx_word' id='word_1_288' title='bbox 492 1622 657 1660; x_wconf 75' lang='lat' dir='ltr'>auriculae</span> <span class='ocrx_word' id='word_1_289' title='bbox 679 1623 839 1663; x_wconf 88' lang='lat' dir='ltr'>surculos</span> <span class='ocrx_word' id='word_1_290' title='bbox 867 1624 1034 1669; x_wconf 81' lang='lat' dir='ltr'>exhibet,</span> <span class='ocrx_word' id='word_1_291' title='bbox 1072 1627 1108 1663; x_wconf 86' lang='lat'>&amp;</span> <span class='ocrx_word' id='word_1_292' title='bbox 1132 1627 1255 1665; x_wconf 89' lang='lat' dir='ltr'>multis</span> <span class='ocrx_word' id='word_1_293' title='bbox 1287 1640 1371 1665; x_wconf 87' lang='lat' dir='ltr'>cum</span> <span class='ocrx_word' id='word_1_294' title='bbox 1398 1629 1634 1667; x_wconf 86' lang='lat' dir='ltr'>innominatis</span> 
     </span>
     <span class='ocr_line' id='line_1_27' title="bbox 42 1679 1635 1737; baseline 0.004 -19"><span class='ocrx_word' id='word_1_295' title='bbox 42 1681 141 1718; x_wconf 87' lang='lat' dir='ltr'>venis</span> <span class='ocrx_word' id='word_1_296' title='bbox 171 1679 452 1720; x_wconf 85' lang='lat' dir='ltr'>anastomofibus</span> <span class='ocrx_word' id='word_1_297' title='bbox 481 1684 737 1721; x_wconf 87' lang='lat' dir='ltr'>communicat.</span> <span class='ocrx_word' id='word_1_298' title='bbox 773 1682 862 1721; x_wconf 88' lang='lat' dir='ltr'>Vidi</span> <span class='ocrx_word' id='word_1_299' title='bbox 884 1685 992 1722; x_wconf 87' lang='lat' dir='ltr'>etiam</span> <span class='ocrx_word' id='word_1_300' title='bbox 1013 1697 1155 1723; x_wconf 87' lang='lat' dir='ltr'>ramum</span> <span class='ocrx_word' id='word_1_301' title='bbox 1179 1692 1274 1725; x_wconf 84' lang='lat' dir='ltr'>trans</span> <span class='ocrx_word' id='word_1_302' title='bbox 1300 1688 1462 1727; x_wconf 83' lang='lat' dir='ltr'>arteriam</span> <span class='ocrx_word' id='word_1_303' title='bbox 1489 1688 1635 1737; x_wconf 86' lang='lat' dir='ltr'>pulmo-</span> 
     </span>
    </p>
   </div>
   <div class='ocr_carea' id='block_1_3' title="bbox 38 1748 1635 2257">
    <p class='ocr_par' dir='ltr' id='par_1_4' title="bbox 38 1748 1635 2257">
     <span class='ocr_line' id='line_1_28' title="bbox 1516 1748 1635 1785; baseline 0.008 -1"><span class='ocrx_word' id='word_1_304' title='bbox 1516 1748 1635 1785; x_wconf 86' lang='lat' dir='ltr'>nalem</span> 
     </span>
     <span class='ocr_line' id='line_1_29' title="bbox 77 1843 1200 1889; baseline 0.007 -15"><span class='ocrx_word' id='word_1_305' title='bbox 77 1843 435 1883; x_wconf 59' lang='lat' dir='ltr'>(h)1,ch1s1us</span> <span class='ocrx_word' id='word_1_306' title='bbox 465 1856 491 1886; x_wconf 84' lang='lat' dir='ltr'>p.</span> <span class='ocrx_word' id='word_1_307' title='bbox 514 1849 562 1884; x_wconf 91' lang='lat'>67.</span> <span class='ocrx_word' id='word_1_308' title='bbox 589 1846 614 1884; x_wconf 86' lang='lat' dir='ltr'>J.</span> <span class='ocrx_word' id='word_1_309' title='bbox 638 1848 697 1878; x_wconf 79' lang='lat' dir='ltr'>Ad.</span> <span class='ocrx_word' id='word_1_310' title='bbox 723 1846 974 1880; x_wconf 66' lang='lat' dir='ltr'>Tuznnsxus</span> <span class='ocrx_word' id='word_1_311' title='bbox 997 1849 1014 1880; x_wconf 94' lang='lat' dir='ltr'>l.</span> <span class='ocrx_word' id='word_1_312' title='bbox 1038 1860 1062 1881; x_wconf 91' lang='lat' dir='ltr'>c.</span> <span class='ocrx_word' id='word_1_313' title='bbox 1093 1859 1121 1889; x_wconf 92' lang='lat' dir='ltr'>p.</span> <span class='ocrx_word' id='word_1_314' title='bbox 1151 1860 1200 1888; x_wconf 83' lang='lat'>24-</span> 
     </span>
     <span class='ocr_line' id='line_1_30' title="bbox 81 1885 907 1928; baseline 0.007 -13"><span class='ocrx_word' id='word_1_315' title='bbox 81 1885 463 1923; x_wconf 65' lang='lat' dir='ltr'>(i)MORGAGNUs</span> <span class='ocrx_word' id='word_1_316' title='bbox 487 1888 565 1928; x_wconf 70' lang='lat' dir='ltr'>Epfi.</span> <span class='ocrx_word' id='word_1_317' title='bbox 592 1889 687 1920; x_wconf 75' lang='lat' dir='ltr'>Anat.</span> <span class='ocrx_word' id='word_1_318' title='bbox 708 1890 774 1920; x_wconf 90' lang='lat' dir='ltr'>XV.</span> <span class='ocrx_word' id='word_1_319' title='bbox 803 1900 831 1921; x_wconf 87' lang='lat' dir='ltr'>n.</span> <span class='ocrx_word' id='word_1_320' title='bbox 861 1900 907 1921; x_wconf 73' lang='grc' dir='ltr'>ιι.</span> 
     </span>
     <span class='ocr_line' id='line_1_31' title="bbox 79 1925 778 1967; baseline 0.007 -12"><span class='ocrx_word' id='word_1_321' title='bbox 79 1925 248 1962; x_wconf 86' lang='lat' dir='ltr'>(k)Nec</span> <span class='ocrx_word' id='word_1_322' title='bbox 278 1927 520 1958; x_wconf 70' lang='lat' dir='ltr'>VERHEYEN</span> <span class='ocrx_word' id='word_1_323' title='bbox 547 1936 624 1960; x_wconf 78' lang='lat' dir='ltr'>anat.</span> <span class='ocrx_word' id='word_1_324' title='bbox 653 1939 679 1967; x_wconf 89' lang='lat' dir='ltr'>p.</span> <span class='ocrx_word' id='word_1_325' title='bbox 714 1940 778 1967; x_wconf 89' lang='lat'><strong>179.</strong></span> 
     </span>
     <span class='ocr_line' id='line_1_32' title="bbox 80 1965 833 2003; baseline 0.008 -9"><span class='ocrx_word' id='word_1_326' title='bbox 80 1965 833 2003; x_wconf 62' lang='lat' dir='ltr'>(l)L0wr-,1zl.c.CHARLaTon1.c.</span> 
     </span>
     <span class='ocr_line' id='line_1_33' title="bbox 82 2005 1629 2055; baseline 0.008 -21"><span class='ocrx_word' id='word_1_327' title='bbox 82 2005 157 2043; x_wconf 85' lang='lat' dir='ltr'>(m)</span> <span class='ocrx_word' id='word_1_328' title='bbox 180 2006 250 2036; x_wconf 85' lang='lat' dir='ltr'>Vide</span> <span class='ocrx_word' id='word_1_329' title='bbox 272 2008 301 2036; x_wconf 90' lang='lat' dir='ltr'>in</span> <span class='ocrx_word' id='word_1_330' title='bbox 324 2006 455 2038; x_wconf 85' lang='lat' dir='ltr'>iconibus</span> <span class='ocrx_word' id='word_1_331' title='bbox 486 2007 711 2039; x_wconf 64' lang='lat' dir='ltr'>Eusmeu.</span> <span class='ocrx_word' id='word_1_332' title='bbox 739 2011 798 2040; x_wconf 80' lang='lat' dir='ltr'>tab.</span> <span class='ocrx_word' id='word_1_333' title='bbox 835 2015 880 2042; x_wconf 83' lang='lat'>16.</span> <span class='ocrx_word' id='word_1_334' title='bbox 906 2012 926 2042; x_wconf 87' lang='lat' dir='ltr'>f.</span> <span class='ocrx_word' id='word_1_335' title='bbox 955 2022 980 2042; x_wconf 85' lang='lat'>2.</span> <span class='ocrx_word' id='word_1_336' title='bbox 1008 2012 1193 2043; x_wconf 73' lang='lat' dir='ltr'>RUYscH</span> <span class='ocrx_word' id='word_1_337' title='bbox 1224 2011 1308 2052; x_wconf 61' lang='lat' dir='ltr'><em>They?</em></span> <span class='ocrx_word' id='word_1_338' title='bbox 1332 2013 1380 2045; x_wconf 88' lang='lat' dir='ltr'>IV.</span> <span class='ocrx_word' id='word_1_339' title='bbox 1404 2017 1462 2047; x_wconf 82' lang='lat' dir='ltr'>tab.</span> <span class='ocrx_word' id='word_1_340' title='bbox 1496 2025 1520 2055; x_wconf 88' lang='lat'>3.</span> <span class='ocrx_word' id='word_1_341' title='bbox 1549 2017 1568 2047; x_wconf 86' lang='lat' dir='ltr'>f.</span> <span class='ocrx_word' id='word_1_342' title='bbox 1604 2026 1629 2048; x_wconf 82' lang='lat'>1.</span> 
     </span>
     <span class='ocr_line' id='line_1_34' title="bbox 38 2045 1367 2090; baseline 0.008 -14"><span class='ocrx_word' id='word_1_343' title='bbox 38 2045 291 2078; x_wconf 61' lang='lat' dir='ltr'>Vnssusszns</span> <span class='ocrx_word' id='word_1_344' title='bbox 315 2049 373 2077; x_wconf 78' lang='lat' dir='ltr'>tab.</span> <span class='ocrx_word' id='word_1_345' title='bbox 410 2057 433 2077; x_wconf 81' lang='lat'>1.</span> <span class='ocrx_word' id='word_1_346' title='bbox 460 2046 477 2078; x_wconf 85' lang='lat' dir='ltr'>f.</span> <span class='ocrx_word' id='word_1_347' title='bbox 509 2058 534 2078; x_wconf 85' lang='lat'>2.</span> <span class='ocrx_word' id='word_1_348' title='bbox 561 2051 620 2080; x_wconf 76' lang='lat' dir='ltr'>tab.</span> <span class='ocrx_word' id='word_1_349' title='bbox 645 2060 672 2086; x_wconf 88' lang='lat'>4.</span> <span class='ocrx_word' id='word_1_350' title='bbox 701 2050 720 2079; x_wconf 87' lang='lat' dir='ltr'>f.</span> <span class='ocrx_word' id='word_1_351' title='bbox 749 2059 774 2081; x_wconf 86' lang='lat'>2.</span> <span class='ocrx_word' id='word_1_352' title='bbox 797 2053 824 2082; x_wconf 57' lang='grc' dir='ltr'>ὃς</span> <span class='ocrx_word' id='word_1_353' title='bbox 846 2051 931 2090; x_wconf 83' lang='lat' dir='ltr'>aiibi,</span> <span class='ocrx_word' id='word_1_354' title='bbox 967 2052 1117 2085; x_wconf 63' lang='lat' dir='ltr'>Sumne</span> <span class='ocrx_word' id='word_1_355' title='bbox 1143 2057 1199 2085; x_wconf 68' lang='lat' dir='ltr'>tab.</span> <span class='ocrx_word' id='word_1_356' title='bbox 1219 2064 1245 2086; x_wconf 89' lang='lat'>2.</span> <span class='ocrx_word' id='word_1_357' title='bbox 1270 2055 1305 2086; x_wconf 91' lang='lat' dir='ltr'>D.</span> <span class='ocrx_word' id='word_1_358' title='bbox 1333 2056 1367 2087; x_wconf 90' lang='lat' dir='ltr'>D.</span> 
     </span>
     <span class='ocr_line' id='line_1_35' title="bbox 78 2088 570 2124; baseline 0.006 -8"><span class='ocrx_word' id='word_1_359' title='bbox 78 2088 410 2124; x_wconf 72' lang='lat' dir='ltr'>(n)SENACtah.</span> <span class='ocrx_word' id='word_1_360' title='bbox 441 2099 465 2118; x_wconf 87' lang='lat'>2.</span> <span class='ocrx_word' id='word_1_361' title='bbox 490 2100 514 2118; x_wconf 80' lang='lat' dir='ltr'>a,</span> <span class='ocrx_word' id='word_1_362' title='bbox 544 2101 570 2119; x_wconf 80' lang='lat' dir='ltr'>a.</span> 
     </span>
     <span class='ocr_line' id='line_1_36' title="bbox 78 2127 836 2164; baseline 0.008 -7"><span class='ocrx_word' id='word_1_363' title='bbox 78 2127 162 2164; x_wconf 79' lang='grc' dir='ltr'>(ο)</span> <span class='ocrx_word' id='word_1_364' title='bbox 186 2128 362 2158; x_wconf 62' lang='lat' dir='ltr'>Rurscn</span> <span class='ocrx_word' id='word_1_365' title='bbox 389 2128 416 2158; x_wconf 86' lang='lat'>1..</span> <span class='ocrx_word' id='word_1_366' title='bbox 439 2139 462 2159; x_wconf 87' lang='lat' dir='ltr'>c.</span> <span class='ocrx_word' id='word_1_367' title='bbox 492 2130 510 2159; x_wconf 87' lang='lat' dir='ltr'>f.</span> <span class='ocrx_word' id='word_1_368' title='bbox 544 2139 568 2160; x_wconf 84' lang='lat'>1.</span> <span class='ocrx_word' id='word_1_369' title='bbox 597 2130 740 2161; x_wconf 42' lang='lat' dir='ltr'>Sannio</span> <span class='ocrx_word' id='word_1_370' title='bbox 767 2133 836 2164; x_wconf 87' lang='lat' dir='ltr'>ibid.</span> 
     </span>
     <span class='ocr_line' id='line_1_37' title="bbox 77 2167 1308 2214; baseline 0.009 -17"><span class='ocrx_word' id='word_1_371' title='bbox 77 2167 276 2205; x_wconf 79' lang='lat' dir='ltr'>(p)Quam</span> <span class='ocrx_word' id='word_1_372' title='bbox 301 2169 619 2201; x_wconf 64' lang='lat' dir='ltr'>Vrrzussewius</span> <span class='ocrx_word' id='word_1_373' title='bbox 646 2171 732 2202; x_wconf 86' lang='lat' dir='ltr'>habet</span> <span class='ocrx_word' id='word_1_374' title='bbox 755 2174 810 2204; x_wconf 88' lang='lat' dir='ltr'>tab.</span> <span class='ocrx_word' id='word_1_375' title='bbox 840 2181 862 2204; x_wconf 86' lang='lat'>1.</span> <span class='ocrx_word' id='word_1_376' title='bbox 892 2174 911 2205; x_wconf 90' lang='lat' dir='ltr'>f.</span> <span class='ocrx_word' id='word_1_377' title='bbox 941 2183 967 2205; x_wconf 91' lang='lat'>2.</span> <span class='ocrx_word' id='word_1_378' title='bbox 997 2177 1033 2206; x_wconf 89' lang='lat' dir='ltr'>K.</span> <span class='ocrx_word' id='word_1_379' title='bbox 1056 2175 1112 2206; x_wconf 84' lang='lat' dir='ltr'>tab.</span> <span class='ocrx_word' id='word_1_380' title='bbox 1137 2188 1161 2212; x_wconf 85' lang='grc' dir='ltr'>ς.</span> <span class='ocrx_word' id='word_1_381' title='bbox 1188 2177 1207 2207; x_wconf 89' lang='lat' dir='ltr'>f.</span> <span class='ocrx_word' id='word_1_382' title='bbox 1234 2187 1260 2208; x_wconf 91' lang='lat'>2.</span> <span class='ocrx_word' id='word_1_383' title='bbox 1282 2176 1308 2214; x_wconf 78' lang='lat' dir='ltr'>f.</span> 
     </span>
     <span class='ocr_line' id='line_1_38' title="bbox 78 2207 1629 2257; baseline 0.012 -21"><span class='ocrx_word' id='word_1_384' title='bbox 78 2207 155 2246; x_wconf 88' lang='lat' dir='ltr'>(q)</span> <span class='ocrx_word' id='word_1_385' title='bbox 179 2210 325 2239; x_wconf 64' lang='lat' dir='ltr'>SzwAc</span> <span class='ocrx_word' id='word_1_386' title='bbox 348 2211 405 2239; x_wconf 79' lang='lat' dir='ltr'>tab.</span> <span class='ocrx_word' id='word_1_387' title='bbox 433 2221 456 2240; x_wconf 87' lang='lat'>1.</span> <span class='ocrx_word' id='word_1_388' title='bbox 479 2211 505 2240; x_wconf 86' lang='lat' dir='ltr'>k.</span> <span class='ocrx_word' id='word_1_389' title='bbox 531 2211 557 2242; x_wconf 81' lang='lat' dir='ltr'>k.</span> <span class='ocrx_word' id='word_1_390' title='bbox 586 2214 644 2242; x_wconf 66' lang='lat' dir='ltr'>tab.</span> <span class='ocrx_word' id='word_1_391' title='bbox 675 2223 699 2251; x_wconf 88' lang='lat'>3.</span> <span class='ocrx_word' id='word_1_392' title='bbox 726 2214 743 2244; x_wconf 86' lang='lat' dir='ltr'>f.</span> <span class='ocrx_word' id='word_1_393' title='bbox 774 2215 1003 2246; x_wconf 61' lang='lat' dir='ltr'>12RUYSCH</span> <span class='ocrx_word' id='word_1_394' title='bbox 1029 2215 1046 2246; x_wconf 87' lang='lat'>1.</span> <span class='ocrx_word' id='word_1_395' title='bbox 1072 2227 1095 2247; x_wconf 92' lang='lat' dir='ltr'>c.</span> <span class='ocrx_word' id='word_1_396' title='bbox 1126 2217 1146 2249; x_wconf 91' lang='lat' dir='ltr'>f.</span> <span class='ocrx_word' id='word_1_397' title='bbox 1176 2227 1204 2250; x_wconf 86' lang='lat'>²,</span> <span class='ocrx_word' id='word_1_398' title='bbox 1229 2219 1629 2257; x_wconf 67' lang='lat' dir='ltr'>pulchre.szusers</span> 
     </span>
    </p>
   </div>
   <div class='ocr_carea' id='block_1_4' title="bbox 37 2249 1630 2297">
    <p class='ocr_par' dir='ltr' id='par_1_5' title="bbox 37 2249 1630 2297">
     <span class='ocr_line' id='line_1_39' title="bbox 37 2249 1630 2297; baseline 0.011 -20"><span class='ocrx_word' id='word_1_399' title='bbox 37 2249 95 2278; x_wconf 77' lang='lat' dir='ltr'>tab.</span> <span class='ocrx_word' id='word_1_400' title='bbox 126 2259 148 2278; x_wconf 82' lang='lat'>1.</span> <span class='ocrx_word' id='word_1_401' title='bbox 179 2249 205 2279; x_wconf 83' lang='lat' dir='ltr'>f.-</span> <span class='ocrx_word' id='word_1_402' title='bbox 230 2260 302 2287; x_wconf 73' lang='lat' dir='ltr'>pene</span> <span class='ocrx_word' id='word_1_403' title='bbox 328 2250 432 2287; x_wconf 78' lang='lat' dir='ltr'>absque</span> <span class='ocrx_word' id='word_1_404' title='bbox 456 2254 548 2282; x_wconf 87' lang='lat' dir='ltr'>ramis.</span> <span class='ocrx_word' id='word_1_405' title='bbox 575 2253 716 2286; x_wconf 81' lang='lat' dir='ltr'>Peculiare</span> <span class='ocrx_word' id='word_1_406' title='bbox 737 2262 855 2291; x_wconf 77' lang='lat' dir='ltr'>autem,</span> <span class='ocrx_word' id='word_1_407' title='bbox 882 2257 958 2296; x_wconf 74' lang='lat' dir='ltr'>apud</span> <span class='ocrx_word' id='word_1_408' title='bbox 984 2267 1050 2291; x_wconf 86' lang='lat' dir='ltr'>eum</span> <span class='ocrx_word' id='word_1_409' title='bbox 1068 2259 1233 2297; x_wconf 63' lang='lat' dir='ltr'>auctorem,</span> <span class='ocrx_word' id='word_1_410' title='bbox 1265 2270 1299 2291; x_wconf 88' lang='lat' dir='ltr'>eo</span> <span class='ocrx_word' id='word_1_411' title='bbox 1324 2260 1389 2291; x_wconf 86' lang='lat' dir='ltr'>loco</span> <span class='ocrx_word' id='word_1_412' title='bbox 1404 2271 1511 2296; x_wconf 84' lang='lat' dir='ltr'>nomen</span> <span class='ocrx_word' id='word_1_413' title='bbox 1536 2266 1630 2297; x_wconf 73' lang='lat' dir='ltr'>induit</span> 
     </span>
    </p>
   </div>
   <div class='ocr_carea' id='block_1_5' title="bbox 37 2293 469 2323">
    <p class='ocr_par' dir='ltr' id='par_1_6' title="bbox 37 2293 469 2323">
     <span class='ocr_line' id='line_1_40' title="bbox 37 2293 469 2323; baseline 0.009 -5"><span class='ocrx_word' id='word_1_414' title='bbox 37 2299 117 2319; x_wconf 79' lang='lat' dir='ltr'>vezne</span> <span class='ocrx_word' id='word_1_415' title='bbox 135 2293 277 2319; x_wconf 77' lang='lat' dir='ltr'>coronaire</span> <span class='ocrx_word' id='word_1_416' title='bbox 302 2293 469 2323; x_wconf 71' lang='lat' dir='ltr'>anterieure.</span> 
     </span>
    </p>
   </div>
   <div class='ocr_carea' id='block_1_6' title="bbox 78 2328 548 2413">
    <p class='ocr_par' dir='ltr' id='par_1_7' title="bbox 78 2328 548 2413">
     <span class='ocr_line' id='line_1_41' title="bbox 79 2328 305 2369; baseline 0.022 -5"><span class='ocrx_word' id='word_1_417' title='bbox 79 2328 158 2366; x_wconf 87' lang='grc' dir='ltr'>(ν)</span> <span class='ocrx_word' id='word_1_418' title='bbox 181 2340 206 2367; x_wconf 74' lang='lat' dir='ltr'>p-</span> <span class='ocrx_word' id='word_1_419' title='bbox 239 2340 305 2369; x_wconf 71' lang='lat'>374-</span> 
     </span>
     <span class='ocr_line' id='line_1_42' title="bbox 78 2369 548 2413; baseline 0.013 -15"><span class='ocrx_word' id='word_1_420' title='bbox 78 2369 421 2407; x_wconf 63' lang='lat' dir='ltr'>(s)Vitussx;xs</span> <span class='ocrx_word' id='word_1_421' title='bbox 445 2382 472 2411; x_wconf 84' lang='lat' dir='ltr'>p.</span> <span class='ocrx_word' id='word_1_422' title='bbox 501 2381 548 2413; x_wconf 74' lang='lat'>32.</span> 
     </span>
    </p>
   </div>
   <div class='ocr_carea' id='block_1_7' title="bbox 125 2412 1313 2470">
    <p class='ocr_par' dir='ltr' id='par_1_8' title="bbox 125 2412 1313 2470">
     <span class='ocr_line' id='line_1_43' title="bbox 125 2412 1313 2470; baseline 0.017 -20"><span class='ocrx_word' id='word_1_423' title='bbox 125 2412 253 2457; x_wconf 76' lang='lat' dir='ltr'>chller</span> <span class='ocrx_word' id='word_1_424' title='bbox 275 2415 464 2467; x_wconf 78' lang='lat' dir='ltr'>I’hyfiolog.</span> <span class='ocrx_word' id='word_1_425' title='bbox 500 2419 607 2460; x_wconf 88' lang='lat' dir='ltr'>Tom.</span> <span class='ocrx_word' id='word_1_426' title='bbox 624 2418 651 2460; x_wconf 82' lang='lat'>1.</span> <span class='ocrx_word' id='word_1_427' title='bbox 696 2418 700 2421; x_wconf 62' lang='grc'><em>’</em></span> <span class='ocrx_word' id='word_1_428' title='bbox 759 2417 763 2421; x_wconf 79' lang='grc'><strong>’</strong></span> <span class='ocrx_word' id='word_1_429' title='bbox 1201 2427 1228 2469; x_wconf 90' lang='grc' dir='ltr'>Β</span> <span class='ocrx_word' id='word_1_430' title='bbox 1246 2431 1269 2469; x_wconf 93' lang='lat' dir='ltr'>b</span> <span class='ocrx_word' id='word_1_431' title='bbox 1289 2431 1313 2470; x_wconf 90' lang='lat' dir='ltr'>b</span> 
     </span>
    </p>
   </div>
  </div>
 </body>
</html>
