2003 2748
322 130 408 178 v412
842 128 999 168 LJB.
1063 124 1165 168 JV.
1229 128 1403 168 COR,

318 228 440 275 guinis
463 225 649 263 circuitum
667 223 733 262 effe
750 252 759 267 ‚
800 226 864 273 qui
896 225 1019 274 aliquo
1045 231 1126 262 ante
1153 223 1223 262 HA
1241 236 1301 262 Rv
1317 237 1362 261 El
1376 236 1399 261 u
1414 236 1443 261 m
1476 230 1643 274 tempore
1669 222 1792 273 pamm
1816 228 1926 267 innm

322 288 415 329 tuit,
443 284 504 322 etsi
530 295 717 333 nunquam
737 283 880 332 publica
904 283 1106 321 scholarum
1133 283 1342 333 praejudicia
1367 293 1449 322 ante
1473 286 1571 322 hunc
1595 285 1647 323 Ill.
1680 287 1798 324 virum
1823 287 1925 336 supe.

321 347 390 384 rari
411 350 619 392 potuerunt.
656 342 753 391 Ergo
771 344 962 392 antiquitas
989 343 1090 380 aliter
1107 372 1116 386 ,
1153 355 1260 392 quam
1287 355 1376 386 nos,
1420 343 1465 381 de
1493 343 1578 381 vasis
1603 347 1744 392 magnis
1780 346 1927 395 pulmo·-

322 406 376 441 nis
403 401 514 439 sensit.
551 401 648 439 Cum
672 404 769 439 enim
794 404 831 440 in
854 402 992 439 sinistro
1025 403 1227 440 ventriculo
1253 402 1416 451 spiritum
1438 432 1446 447 ,
1488 405 1526 440 in
1556 403 1685 441 dextro
1711 404 1926 453 sanguinem

322 461 472 501 residere
501 461 769 510 persuaderetur
794 462 903 508 (y),
948 464 1112 499 arteriam
1141 462 1392 510 pulmoualem
1417 474 1436 499 a
1465 463 1670 500 ventriculo
1697 475 1826 501 venam
1852 493 1861 507 ,
1908 475 1928 504 a

321 520 426 558 crass'a
450 520 581 558 fabrica
608 519 817 569 arteriosam
843 521 933 557 dixit
952 523 967 569 (
983 522 1039 568 z)
1058 533 1065 557 ;
1102 520 1247 558 viciffim
1272 533 1317 558 ex
1345 518 1482 559 sinistro
1504 521 1707 560 ventriculo
1727 531 1846 561 natam
1869 534 1928 562 ve-

320 593 406 617 nam
432 579 688 629 pulmoneam,
726 581 775 617 ob
799 582 981 628 originem
1004 582 1177 617 arteriam
1192 609 1201 622 ‚
1237 593 1256 617 a
1284 583 1461 618 tenuitate
1485 593 1614 618 venam
1644 585 1789 620 vocavit
1819 583 1878 630 (a
1895 584 1922 628 ).

320 638 435 678 Porro
460 638 671 687 sanguinem
692 649 738 675 ex
763 639 893 677 dextro
922 639 1124 677 ventriculo
1145 651 1208 688 per
1236 638 1327 687 septi
1355 639 1476 677 cordis
1498 638 1555 687 (b
1575 644 1589 687 )
1625 652 1738 689 poros
1771 643 1810 679 in
1831 639 1928 679 finis·

321 705 411 736 tram
438 699 558 735 cordis
579 710 722 735 caveam
748 698 878 741 duxit,
915 700 1025 746 inque
1040 710 1079 735 ea
1108 710 1213 735 cavea
1232 697 1357 747 spiritu
1379 698 1476 735 vitali
1503 699 1620 736 imbui
1650 700 1786 738 docuit.
1835 701 1927 739 Non

320 757 483 806 undique
503 766 623 794 tamen
642 764 803 794 errarunt
819 757 979 795 auctores
994 785 1003 798 ‚
1032 769 1110 794 non
1134 766 1229 794 certe
1256 755 1325 798 GA
1341 768 1361 794 L
1378 768 1397 794 ε
1412 768 1436 795 N
1452 769 1509 795 us.
1551 756 1696 806 Nempe
1715 771 1779 807 per
1803 771 1862 797 vas
1880 771 1927 796 ex

323 817 452 855 dextro
480 816 683 854 ventriculo
708 824 856 859 uatum,
906 816 1118 865 sauguinem
1151 816 1302 865 quidem
1334 816 1492 853 alibilem
1517 814 1562 853 ad
1586 816 1803 864 pulmonem
1828 819 1925 856 mitti

322 877 430 921 (c),
467 889 486 912 a
506 876 682 926 pulmone
704 887 789 913 vero
818 887 881 925 per
909 888 968 913 vas
991 874 1128 912 sinistro
1158 875 1249 914 linui
1280 871 1521 918 conmissum,
1567 873 1731 924 spiritum
1763 888 1809 914 ex
1839 875 1920 926 pul-

321 947 433 973 mone
451 934 495 972 ad
521 934 699 972 sinistrum
723 935 921 973 thalamum
938 936 1059 971 venire
1082 935 1233 972 minime
1252 935 1435 983 ignoravit
1464 935 1484 982 (
1501 934 1525 971 d
1541 932 1565 982 ).

380 994 477 1031 Cum
502 1006 590 1042 ergo
617 993 758 1031 dudum
789 1004 869 1042 pars
896 995 969 1030 veri
995 992 1206 1031 innotuisset
1223 1021 1232 1036 ‚
1267 994 1429 1042 primum
1459 989 1621 1030 Michael
1648 992 1671 1032 S
1690 1004 1783 1032 nav
1799 1005 1918 1033 Erus

321 1054 374 1100 (e
391 1054 406 1098 )
428 1052 700 1090 Villanovamus
716 1081 725 1093 ,
761 1052 845 1090 inde
879 1051 1029 1089 Realdus
1048 1051 1112 1090 Co
1125 1065 1145 1090 L
1162 1066 1180 1090 u
1195 1064 1226 1090 M
1239 1064 1259 1088 B
1273 1064 1294 1088 u
1307 1065 1322 1090 s
1353 1054 1369 1099 (
1380 1050 1443 1100 f)
1459 1080 1468 1094 ,
1509 1054 1746 1102 contemplati
1778 1056 1918 1102 magni-

321 1111 487 1150 tudinem
520 1113 608 1159 (ξ)
638 1113 772 1149 arteriae
803 1111 1021 1161 pulmonalis
1056 1114 1070 1156 (
1087 1113 1140 1149 uti
1162 1123 1260 1149 nunc
1289 1111 1469 1157 vocatur)
1509 1113 1616 1149 nimis
1645 1125 1712 1162 pro
1739 1113 1917 1162 pulmone

322 1171 452 1208 alendo
476 1171 601 1220 amplae
621 1184 627 1207 :
662 1171 886 1209 valvularum
907 1172 1014 1208 etiam
1032 1179 1194 1208 naturam
1213 1171 1354 1213 edoffl,
1387 1179 1466 1220 qu'ae
1483 1170 1653 1209 humores
1676 1173 1714 1209 in
1740 1171 1918 1210 sinistrum

320 1230 562 1267 ventriculum
592 1230 811 1272 admittunt,
855 1242 873 1267 a
901 1230 1104 1267 ventriculo
1138 1231 1176 1267 in
1208 1229 1325 1267 finum
1353 1230 1519 1267 redituris
1545 1231 1710 1273 obstant,
1755 1230 1827 1268 fere
1863 1234 1918 1274 80

320 1296 401 1326 ante
421 1288 566 1326 Harveii
586 1301 703 1327 aevum
724 1292 825 1326 annis
841 1290 967 1338 utique
989 1288 1212 1331 docuerunt,
1239 1290 1394 1326 omnino
1418 1301 1463 1326 ex
1479 1289 1608 1326 dextro
1625 1290 1829 1327 ventriculo
1845 1289 1919 1327 san-

320 1349 471 1395 guinem
501 1351 538 1384 in
564 1349 780 1396 pulmonem
797 1377 806 1391 ‚
843 1348 928 1385 hinc
951 1359 1015 1396 per
1038 1360 1169 1386 venam
1199 1347 1470 1396 pulmonalem‚
1508 1349 1547 1384 in
1563 1346 1679 1386 finum
1707 1347 1884 1386 sinistrum
1905 1377 1915 1392 ,

319 1408 431 1455 inque
459 1408 702 1444 ventriculum
731 1409 805 1455 ejus
833 1408 996 1444 nominis
1016 1409 1138 1444 venire
1169 1406 1230 1454 (h
1251 1413 1274 1454 ).
1327 1405 1415 1443 Haec
1443 1408 1565 1443 minor
1582 1435 1592 1449 ‚
1637 1406 1692 1444 Sa
1707 1420 1797 1445 RVE
1813 1420 1836 1444 T
1852 1420 1863 1444 1
1879 1420 1917 1445 A-

320 1475 346 1505 Ξ
362 1478 385 1502 A
408 1466 457 1505 est
476 1465 656 1514 sanguinis
683 1466 887 1509 circulatio,
935 1477 1044 1515 quam
1073 1466 1221 1515 plurimi
1242 1465 1325 1503 clari
1351 1467 1418 1503 viri
1444 1466 1480 1502 ἃ
1508 1465 1627 1503 seculo
1657 1464 1700 1505 X
1716 1465 1783 1504 VI
1811 1469 1829 1515 <
1844 1467 1915 1513 i),
1953 1477 1955 1480 ·

362 1631 375 1666 (
391 1641 414 1668 y
429 1632 443 1667 )
464 1631 648 1663 Ventriculus
671 1630 775 1662 finister
791 1628 892 1671 plenus
918 1630 958 1662 est
982 1631 1079 1668 spiritu
1105 1630 1183 1662 vitali
1210 1630 1233 1661 E
1247 1641 1263 1660 a
1278 1641 1298 1662 A
1311 1641 1323 1662 s
1336 1641 1345 1660 1
1358 1641 1370 1661 s
1382 1640 1403 1660 T
1418 1635 1464 1661 ῐὶᾼ
1478 1640 1498 1660 τ
1512 1640 1532 1660 u
1543 1640 1555 1661 s
1579 1630 1655 1669 apud
1681 1630 1706 1661 G
1722 1640 1740 1660 A
1755 1642 1771 1659 L
1784 1641 1801 1660 ιε
1821 1640 1842 1660 Ν
1860 1640 1880 1660 υ
1895 1638 1918 1660 κ

317 1668 355 1700 ἐἶθ
384 1674 463 1709 Hipp.
485 1674 523 1709 ἔφ’)
550 1675 623 1703 Plat.
653 1674 769 1702 decretis
788 1675 817 1705 L.
845 1672 866 1702 I.
898 1673 999 1711 plenus
1028 1673 1123 1710 spiritu
1146 1671 1261 1701 animili
1278 1671 1300 1702 C
1312 1682 1331 1701 H
1348 1682 1366 1700 R
1381 1681 1401 1701 Y
1413 1681 1425 1701 s
1439 1683 1448 1700 1
1460 1681 1475 1700 Ρ
1491 1681 1507 1700 P
1524 1681 1566 1701 vs
1603 1672 1681 1710 apud
1709 1671 1729 1702 E
1746 1681 1766 1701 υ
1779 1682 1802 1701 M
1816 1682 1834 1701 o
1848 1682 1865 1700 ε
1882 1681 1917 1700 κ.

320 1711 433 1743 Sinister
449 1712 522 1743 smus
546 1724 594 1750 per
616 1715 730 1744 arterias
751 1714 880 1752 spiritum
892 1736 901 1750 ,
927 1723 976 1750 per
990 1723 1076 1743 venas
1091 1712 1256 1751 sanguinem
1276 1713 1382 1742 emittit
1402 1712 1420 1741 P
1431 1722 1450 1742 o
1463 1723 1479 1741 L
1492 1722 1509 1740 L
1521 1722 1544 1742 υ
1557 1722 1576 1742 x
1600 1713 1631 1742 in
1649 1713 1744 1742 lexico.

362 1753 887 1792 (2)H21³01›u1tusapudR
905 1763 1024 1784 urus«
1053 1764 1075 1783 1.
1093 1763 1186 1792 μμ.
1212 1753 1237 1782 G
1255 1763 1337 1782 ALE
1355 1761 1375 1781 N
1393 1761 1440 1782 ns
1464 1753 1497 1782 de
1516 1751 1569 1791 ufic
1590 1760 1663 1789 part.
1688 1753 1722 1785 L.
1748 1751 1794 1783 VI.
1822 1762 1849 1783 c.
1869 1761 1915 1782 10.

321 1801 369 1824 20.
395 1793 448 1822 Sec.
473 1795 578 1824 Auetor
597 1794 660 1823 libri
684 1795 881 1830 Hipoocrntici
901 1806 954 1829 περι
968 1806 1040 1826 οςεων
1066 1804 1094 1823 n.
1122 1804 1167 1830 ¹9·
1196 1803 1300 1824 venam
1320 1792 1544 1832 cartilaginosam
1575 1793 1696 1824 dixerat,

361 1831 436 1870 (a)
459 1834 663 1864 GALnNus
693 1834 762 1864 ibid.
783 1835 843 1865 Oa
860 1844 1034 1865 iniimus
1058 1835 1091 1862 de
1126 1835 1214 1863 corde.

361 1872 438 1909 (h)
461 1874 530 1904 lon
547 1885 570 1904 M
593 1874 661 1905 ibid.
691 1884 786 1911 c.17.

360 1914 405 1949 (ε
425 1915 438 1950 )
461 1914 534 1945 lbid.

361 1956 373 1988 ί
393 1955 440 1992 d)
461 1954 535 1986 Ibid.
565 1967 588 1986 c.
621 1966 665 1986 10.
693 1967 736 1991 ¹4-
766 1965 810 1992 ις.
844 1958 896 1987 &c.

363 1995 372 2027 (
391 2006 403 2024 e
425 1996 438 2030 )
459 1997 491 2026 ln
517 1997 548 2027 L.
573 1997 603 2026 V.
629 1998 660 2026 de
676 1998 821 2027 Trinitate
837 2007 902 2028 ann.
928 2007 1012 2034 1553.
1036 1997 1117 2027 edito
1141 1995 1247 2025 Confer
1264 1996 1362 2026 locum
1379 1996 1407 2025 in
1429 1997 1486 2027 vita
1502 1996 1549 2026 SE
1565 2006 1615 2027 nv
1628 2006 1674 2026 ET
1690 2007 1699 2025 1
1720 1995 1755 2026 ab
1781 1994 1821 2027 Ill.
1843 1995 1912 2026 olim

316 2035 437 2074 'Collega
459 2038 553 2067 nostro
577 2038 608 2068 M
620 2047 637 2067 0
649 2048 661 2067 s
676 2048 696 2067 H
711 2049 725 2068 ιῑ
742 2049 764 2067 M
777 2049 786 2066 ι
801 2048 818 2067 o
849 2039 926 2068 edita
939 2059 947 2071 ‚
985 2039 1011 2068 ὁὶ
1039 2039 1117 2075 apud
1138 2036 1183 2065 W
1197 2046 1214 2065 0
1227 2046 1247 2064 r
1262 2046 1282 2066 T
1297 2046 1313 2066 0
1329 2047 1348 2066 N
1363 2046 1386 2067 υ
1397 2048 1420 2066 Μ
1442 2036 1477 2075 of
1492 2040 1606 2067 ancient
1633 2036 1671 2073 Ec?
1691 2037 1807 2066 modern
1839 2038 1908 2067 lear-

319 2077 388 2113 m'ng
410 2087 435 2115 p.
462 2087 527 2108 212.
554 2080 579 2108 δι
599 2079 625 2109 Ι)
638 2088 655 2108 o
671 2089 689 2107 υ
703 2089 721 2108 o
735 2091 751 2108 L
768 2089 786 2108 A
797 2088 809 2107 s
823 2089 835 2109 s
848 2090 858 2108 ι
872 2089 894 2109 υ
911 2089 934 2108 M
955 2079 983 2108 in
1000 2077 1208 2116 Bibliographla
1230 2079 1402 2108 anatomia-a.

362 2116 438 2154 (s)
467 2118 485 2149 l.
509 2128 532 2148 c.
558 2119 590 2150 L.
612 2119 677 2149 Vll.
703 2130 729 2158 p.
763 2128 830 2156 177.

359 2159 373 2186 (
390 2158 437 2194 g)
459 2159 699 2193 SERvnTus,
724 2161 976 2192 CoLumssus‚
1000 2161 1236 2190 ARAN’rtus
1261 2157 1316 2198 obs
1340 2165 1418 2189 anat.
1451 2167 1496 2195 η,

359 2195 436 2234 (h)
460 2198 515 2228 GA
531 2210 677 2235 Lamus,
695 2201 710 2231 l.
729 2211 753 2232 c,
779 2201 1058 2231 CAESAzeinus
1080 2200 1176 2240 Qcaest.
1199 2201 1348 2238 Peripatet.
1376 2200 1405 2230 L.
1424 2199 1464 2231 V.
1480 2210 1504 2230 c.
1531 2210 1558 2234 4.
1581 2210 1607 2238 p.
1636 2208 1702 2239 ης.
1727 2200 1753 2229 b.
1774 2200 1912 2230 ARAN-

320 2244 341 2265 τι
359 2247 427 2267 ius
449 2238 465 2267 l.
492 2250 516 2269 c.
545 2241 575 2270 C.
601 2238 682 2271 Hos
697 2251 868 2272 MANNus
889 2242 923 2270 de
951 2241 1059 2271 thorae.
1087 2251 1116 2279 p.
1139 2250 1207 2276 245.
1226 2242 1259 2270 de
1281 2239 1334 2279 usu
1354 2247 1429 2278 part.
1457 2251 1484 2279 p.
1508 2250 1573 2279 ¹⁰7·

360 2277 677 2314 (i)Cn-.SALP1N
695 2292 757 2319 us,
781 2283 800 2312 1.
820 2292 843 2313 c.
872 2283 957 2312 ARA
974 2292 993 2310 N
1012 2291 1135 2316 rius,
1163 2279 1275 2320 Prosper
1295 2283 1650 2312 Bosseaizuccsus
1676 2282 1853 2315 contemplat.
1883 2292 1911 2309 ιι-

311 2324 378 2361 mut.
406 2328 432 2355 Ρ·
464 2329 497 2354 25
511 2331 532 2352 ι.
555 2321 578 2356 J.
603 2320 622 2348 V
637 2332 654 2350 A
667 2332 685 2350 L
698 2332 715 2352 v
728 2334 742 2352 a
755 2333 776 2352 R
790 2333 806 2352 n
819 2332 864 2353 us.
889 2323 914 2358 J.
940 2324 1062 2359 Lngim
1091 2322 1140 2352 La
1155 2332 1176 2351 M
1190 2333 1204 2351 Β
1218 2334 1234 2352 E
1251 2332 1266 2350 n
1280 2332 1299 2352 c,
1315 2334 1324 2351 1
1339 2331 1361 2352 υ
1375 2332 1386 2351 s
1411 2322 1488 2360 apud
1507 2321 1554 2352 Fo
1567 2333 1586 2352 1.
1599 2333 1610 2352 ι
1625 2333 1642 2352 u
1658 2332 1679 2351 Μ
1705 2323 1738 2351 de
1760 2320 1912 2360 sanguinis

315 2367 395 2386 wau
409 2360 506 2388 dextro
522 2362 553 2389 in
564 2360 706 2395 sinisiram
732 2365 821 2392 cordis
842 2364 1033 2394 ventriculum
1052 2362 1077 2401 J.
1099 2363 1131 2393 C.
1157 2363 1180 2393 A
1192 2373 1209 2393 R
1223 2373 1242 2392 A
1254 2372 1274 2391 Ν
1286 2372 1306 2392 τ
1318 2374 1326 2391 ι
1339 2372 1389 2401 us
1414 2362 1462 2393 sed
1488 2362 1537 2392 iste
1553 2363 1677 2392 timidior
1691 2385 1699 2398 ‚
1745 2362 1846 2392 melius
1870 2362 1911 2390 vi-

315 2397 363 2443 'fflt'
375 2420 384 2433 ¹)
406 2408 488 2443 quarn
515 2401 620 2431 docuit.
650 2401 667 2431 P
683 2411 720 2431 ια
735 2414 754 2432 A
768 2414 780 2432 ι·-
796 2414 809 2432 a
821 2414 842 2433 Τ
857 2413 909 2435 TA
924 2426 932 2442 ‚
949 2402 968 2434 F
981 2414 1003 2435 A
1016 2414 1033 2435 L
1047 2416 1063 2435 L
1076 2413 1096 2435 o
1109 2414 1126 2435 Β
1140 2415 1152 2436 ι
1169 2414 1178 2434 Δ
1206 2403 1380 2444 discipulus,
1410 2399 1487 2442 apud
1501 2402 1533 2434 M
1546 2413 1563 2434 o
1577 2413 1598 2436 Ν
1612 2413 1660 2436 Λν
1674 2414 1685 2434 ι
1701 2412 1718 2433 υ
1731 2414 1754 2433 Μ
1769 2403 1800 2433 in
1813 2400 1908 2433 evilea.

313 2438 443 2476 :fflstolur
456 2439 547 2478 Jclea.
571 2441 603 2473 L.
628 2440 660 2474 V.
680 2453 711 2481 p.
739 2452 806 2482 345.
