<?xml version="1.0" encoding="UTF-8"?>
<!DOCTYPE html PUBLIC "-//W3C//DTD XHTML 1.0 Transitional//EN"
    "http://www.w3.org/TR/xhtml1/DTD/xhtml1-transitional.dtd">
<html xmlns="http://www.w3.org/1999/xhtml" xml:lang="en" lang="en">
 <head>
  <title>
</title>
<meta http-equiv="Content-Type" content="text/html;charset=utf-8" />
  <meta name='ocr-system' content='tesseract 3.04.00' />
  <meta name='ocr-capabilities' content='ocr_page ocr_carea ocr_par ocr_line ocrx_word'/>
</head>
<body>
  <div class='ocr_page' id='page_1' title='image "./elementaphysiolo01hall_0473.png"; bbox 0 0 2003 2748; ppageno 0'>
   <div class='ocr_carea' id='block_1_1' title="bbox 436 125 1687 178">
    <p class='ocr_par' dir='ltr' id='par_1_1' title="bbox 436 125 1687 178">
     <span class='ocr_line' id='line_1_1' title="bbox 436 125 1687 178; baseline -0.004 -6"><span class='ocrx_word' id='word_1_1' title='bbox 436 125 1339 173; x_wconf 62' lang='lat' dir='ltr'>SECDIVMOTUSCORDIS:</span> <span class='ocrx_word' id='word_1_2' title='bbox 1602 139 1687 178; x_wconf 84' lang='lat'>447</span> 
     </span>
    </p>
   </div>
   <div class='ocr_carea' id='block_1_2' title="bbox 77 219 1691 1831">
    <p class='ocr_par' dir='ltr' id='par_1_2' title="bbox 77 219 1686 1166">
     <span class='ocr_line' id='line_1_2' title="bbox 80 219 1686 277; baseline -0.006 -4"><span class='ocrx_word' id='word_1_3' title='bbox 80 226 226 273; x_wconf 67' lang='lat' dir='ltr'>motuni</span> <span class='ocrx_word' id='word_1_4' title='bbox 250 219 428 269; x_wconf 61' lang='lat' dir='ltr'>circumit.</span> <span class='ocrx_word' id='word_1_5' title='bbox 463 228 660 273; x_wconf 77' lang='lat' dir='ltr'>Declarant</span> <span class='ocrx_word' id='word_1_6' title='bbox 684 228 854 271; x_wconf 79' lang='lat' dir='ltr'>vulnera,</span> <span class='ocrx_word' id='word_1_7' title='bbox 891 239 956 277; x_wconf 77' lang='lat' dir='ltr'>per</span> <span class='ocrx_word' id='word_1_8' title='bbox 979 238 1058 277; x_wconf 83' lang='lat' dir='ltr'>quae</span> <span class='ocrx_word' id='word_1_9' title='bbox 1085 228 1177 265; x_wconf 87' lang='lat' dir='ltr'>intra</span> <span class='ocrx_word' id='word_1_10' title='bbox 1205 227 1383 274; x_wconf 81' lang='lat' dir='ltr'>exiguum</span> <span class='ocrx_word' id='word_1_11' title='bbox 1402 230 1547 276; x_wconf 82' lang='lat' dir='ltr'>tempus</span> <span class='ocrx_word' id='word_1_12' title='bbox 1572 225 1686 276; x_wconf 86' lang='lat' dir='ltr'>pluri-</span> 
     </span>
     <span class='ocr_line' id='line_1_3' title="bbox 79 285 1686 339; baseline -0.004 -7"><span class='ocrx_word' id='word_1_13' title='bbox 79 306 149 332; x_wconf 76' lang='lat' dir='ltr'>mae</span> <span class='ocrx_word' id='word_1_14' title='bbox 169 293 267 330; x_wconf 83' lang='lat' dir='ltr'>librae</span> <span class='ocrx_word' id='word_1_15' title='bbox 297 290 498 339; x_wconf 79' lang='lat' dir='ltr'>sanguinis,</span> <span class='ocrx_word' id='word_1_16' title='bbox 533 302 598 339; x_wconf 86' lang='lat' dir='ltr'>per</span> <span class='ocrx_word' id='word_1_17' title='bbox 615 288 747 327; x_wconf 90' lang='lat' dir='ltr'>vulnus</span> <span class='ocrx_word' id='word_1_18' title='bbox 776 289 942 325; x_wconf 84' lang='lat' dir='ltr'>etiamvis</span> <span class='ocrx_word' id='word_1_19' title='bbox 965 286 1179 335; x_wconf 84' lang='lat' dir='ltr'>angustum,</span> <span class='ocrx_word' id='word_1_20' title='bbox 1216 285 1448 335; x_wconf 79' lang='lat' dir='ltr'>expelluntur</span> <span class='ocrx_word' id='word_1_21' title='bbox 1477 289 1522 335; x_wconf 84' lang='lat' dir='ltr'>(s</span> <span class='ocrx_word' id='word_1_22' title='bbox 1538 285 1569 335; x_wconf 90' lang='grc'>).</span> <span class='ocrx_word' id='word_1_23' title='bbox 1616 285 1686 325; x_wconf 86' lang='lat' dir='ltr'>Os-</span> 
     </span>
     <span class='ocr_line' id='line_1_4' title="bbox 80 345 1685 398; baseline -0.004 -7"><span class='ocrx_word' id='word_1_24' title='bbox 80 354 198 391; x_wconf 82' lang='lat' dir='ltr'><strong>tendit</strong></span> <span class='ocrx_word' id='word_1_25' title='bbox 227 348 556 390; x_wconf 83' lang='lat' dir='ltr'>vehementiffimus</span> <span class='ocrx_word' id='word_1_26' title='bbox 578 356 710 387; x_wconf 82' lang='lat' dir='ltr'>vortex</span> <span class='ocrx_word' id='word_1_27' title='bbox 742 346 816 398; x_wconf 79' lang='lat' dir='ltr'>(t)</span> <span class='ocrx_word' id='word_1_28' title='bbox 832 376 841 390; x_wconf 88' lang='lat'>,</span> <span class='ocrx_word' id='word_1_29' title='bbox 878 359 954 397; x_wconf 88' lang='lat' dir='ltr'>quo</span> <span class='ocrx_word' id='word_1_30' title='bbox 976 349 1013 384; x_wconf 90' lang='lat' dir='ltr'>in</span> <span class='ocrx_word' id='word_1_31' title='bbox 1037 346 1191 383; x_wconf 85' lang='lat' dir='ltr'>animale</span> <span class='ocrx_word' id='word_1_32' title='bbox 1216 347 1323 383; x_wconf 84' lang='lat' dir='ltr'>etiam</span> <span class='ocrx_word' id='word_1_33' title='bbox 1348 345 1484 394; x_wconf 83' lang='lat' dir='ltr'>frigido</span> <span class='ocrx_word' id='word_1_34' title='bbox 1499 375 1508 390; x_wconf 91' lang='lat'>,</span> <span class='ocrx_word' id='word_1_35' title='bbox 1543 345 1685 396; x_wconf 82' lang='lat' dir='ltr'>sanguis</span> 
     </span>
     <span class='ocr_line' id='line_1_5' title="bbox 78 405 1682 456; baseline -0.004 -6"><span class='ocrx_word' id='word_1_36' title='bbox 78 410 267 450; x_wconf 74' lang='lat' dir='ltr'>arrei-iosus</span> <span class='ocrx_word' id='word_1_37' title='bbox 294 410 339 447; x_wconf 91' lang='lat' dir='ltr'>de</span> <span class='ocrx_word' id='word_1_38' title='bbox 363 409 512 448; x_wconf 86' lang='lat' dir='ltr'>vulnere</span> <span class='ocrx_word' id='word_1_39' title='bbox 533 410 667 447; x_wconf 85' lang='lat' dir='ltr'>arteriae</span> <span class='ocrx_word' id='word_1_40' title='bbox 689 408 722 447; x_wconf 90' lang='lat' dir='ltr'>se</span> <span class='ocrx_word' id='word_1_41' title='bbox 742 408 961 456; x_wconf 73' lang='lat' dir='ltr'>praecipitat,</span> <span class='ocrx_word' id='word_1_42' title='bbox 1000 406 1036 443; x_wconf 71' lang='grc' dir='ltr'>δι</span> <span class='ocrx_word' id='word_1_43' title='bbox 1053 417 1164 455; x_wconf 88' lang='lat' dir='ltr'>quem</span> <span class='ocrx_word' id='word_1_44' title='bbox 1191 405 1319 442; x_wconf 84' lang='lat' dir='ltr'>oculus</span> <span class='ocrx_word' id='word_1_45' title='bbox 1340 405 1438 455; x_wconf 85' lang='lat' dir='ltr'>sequi</span> <span class='ocrx_word' id='word_1_46' title='bbox 1459 419 1535 444; x_wconf 87' lang='lat' dir='ltr'>non</span> <span class='ocrx_word' id='word_1_47' title='bbox 1554 407 1682 456; x_wconf 85' lang='lat' dir='ltr'>potest.</span> 
     </span>
     <span class='ocr_line' id='line_1_6' title="bbox 77 464 1685 521; baseline -0.003 -11"><span class='ocrx_word' id='word_1_48' title='bbox 77 471 156 521; x_wconf 87' lang='lat' dir='ltr'>Ipse</span> <span class='ocrx_word' id='word_1_49' title='bbox 173 473 283 508; x_wconf 84' lang='lat' dir='ltr'>etiam</span> <span class='ocrx_word' id='word_1_50' title='bbox 305 469 468 518; x_wconf 72' lang='lat' dir='ltr'>sanguini</span> <span class='ocrx_word' id='word_1_51' title='bbox 489 480 554 517; x_wconf 89' lang='lat' dir='ltr'>per</span> <span class='ocrx_word' id='word_1_52' title='bbox 585 470 764 515; x_wconf 84' lang='lat' dir='ltr'>integram</span> <span class='ocrx_word' id='word_1_53' title='bbox 798 466 976 514; x_wconf 85' lang='lat' dir='ltr'>ejusmodi</span> <span class='ocrx_word' id='word_1_54' title='bbox 1009 465 1215 503; x_wconf 83' lang='lat' dir='ltr'>animalculi</span> <span class='ocrx_word' id='word_1_55' title='bbox 1243 467 1260 513; x_wconf 83' lang='lat'>(</span> <span class='ocrx_word' id='word_1_56' title='bbox 1276 464 1334 510; x_wconf 86' lang='lat' dir='ltr'>u)</span> <span class='ocrx_word' id='word_1_57' title='bbox 1365 467 1529 503; x_wconf 82' lang='lat' dir='ltr'>arteriam</span> <span class='ocrx_word' id='word_1_58' title='bbox 1561 477 1685 505; x_wconf 86' lang='lat' dir='ltr'>motus</span> 
     </span>
     <span class='ocr_line' id='line_1_7' title="bbox 78 524 1684 571; baseline -0.002 -3"><span class='ocrx_word' id='word_1_59' title='bbox 78 530 267 571; x_wconf 75' lang='lat' dir='ltr'>manifesto</span> <span class='ocrx_word' id='word_1_60' title='bbox 292 526 532 569; x_wconf 84' lang='lat' dir='ltr'>velocissimus</span> <span class='ocrx_word' id='word_1_61' title='bbox 552 527 610 564; x_wconf 87' lang='lat' dir='ltr'>est.</span> <span class='ocrx_word' id='word_1_62' title='bbox 638 525 720 563; x_wconf 74' lang='lat' dir='ltr'>&#39;Sed</span> <span class='ocrx_word' id='word_1_63' title='bbox 744 527 850 563; x_wconf 74' lang='lat' dir='ltr'>etiarn</span> <span class='ocrx_word' id='word_1_64' title='bbox 875 527 914 563; x_wconf 90' lang='lat' dir='ltr'>in</span> <span class='ocrx_word' id='word_1_65' title='bbox 943 525 1095 562; x_wconf 88' lang='lat' dir='ltr'>homine</span> <span class='ocrx_word' id='word_1_66' title='bbox 1110 553 1119 567; x_wconf 94' lang='lat'>,</span> <span class='ocrx_word' id='word_1_67' title='bbox 1157 524 1182 562; x_wconf 85' lang='lat' dir='ltr'>fi</span> <span class='ocrx_word' id='word_1_68' title='bbox 1204 536 1354 563; x_wconf 77' lang='lat' dir='ltr'>manum</span> <span class='ocrx_word' id='word_1_69' title='bbox 1378 525 1542 562; x_wconf 81' lang='lat' dir='ltr'>dextram</span> <span class='ocrx_word' id='word_1_70' title='bbox 1564 527 1684 565; x_wconf 83' lang='lat' dir='ltr'>cordis</span> 
     </span>
     <span class='ocr_line' id='line_1_8' title="bbox 78 584 1686 639; baseline -0.006 -10"><span class='ocrx_word' id='word_1_71' title='bbox 78 591 153 629; x_wconf 87' lang='lat' dir='ltr'>sedi</span> <span class='ocrx_word' id='word_1_72' title='bbox 175 588 384 639; x_wconf 85' lang='lat' dir='ltr'>opposueris</span> <span class='ocrx_word' id='word_1_73' title='bbox 401 615 411 629; x_wconf 93' lang='lat'>,</span> <span class='ocrx_word' id='word_1_74' title='bbox 453 598 603 623; x_wconf 83' lang='lat' dir='ltr'>manum</span> <span class='ocrx_word' id='word_1_75' title='bbox 616 585 789 623; x_wconf 73' lang='lat' dir='ltr'>sinistram</span> <span class='ocrx_word' id='word_1_76' title='bbox 812 586 947 623; x_wconf 81' lang='lat' dir='ltr'>arteriae</span> <span class='ocrx_word' id='word_1_77' title='bbox 964 584 1156 633; x_wconf 82' lang='lat' dir='ltr'>temporali</span> <span class='ocrx_word' id='word_1_78' title='bbox 1174 613 1183 627; x_wconf 91' lang='lat'>,</span> <span class='ocrx_word' id='word_1_79' title='bbox 1220 584 1361 627; x_wconf 81' lang='lat' dir='ltr'>labiali‚</span> <span class='ocrx_word' id='word_1_80' title='bbox 1395 585 1537 628; x_wconf 83' lang='lat' dir='ltr'>radiali,</span> <span class='ocrx_word' id='word_1_81' title='bbox 1562 586 1686 636; x_wconf 75' lang='lat' dir='ltr'>popli-</span> 
     </span>
     <span class='ocr_line' id='line_1_9' title="bbox 79 644 1684 698; baseline -0.004 -9"><span class='ocrx_word' id='word_1_82' title='bbox 79 659 145 690; x_wconf 76' lang='lat' dir='ltr'>teae</span> <span class='ocrx_word' id='word_1_83' title='bbox 162 647 374 698; x_wconf 84' lang='lat' dir='ltr'>adplicueris</span> <span class='ocrx_word' id='word_1_84' title='bbox 386 675 395 689; x_wconf 91' lang='lat'>‚</span> <span class='ocrx_word' id='word_1_85' title='bbox 422 645 614 683; x_wconf 68' lang='lat' dir='ltr'>manifesto</span> <span class='ocrx_word' id='word_1_86' title='bbox 635 646 811 695; x_wconf 85' lang='lat' dir='ltr'><strong>percipies</strong></span> <span class='ocrx_word' id='word_1_87' title='bbox 824 674 833 687; x_wconf 92' lang='lat'>‚</span> <span class='ocrx_word' id='word_1_88' title='bbox 871 644 1004 683; x_wconf 88' lang='lat' dir='ltr'>eodem</span> <span class='ocrx_word' id='word_1_89' title='bbox 1016 645 1174 683; x_wconf 86' lang='lat' dir='ltr'>omnino</span> <span class='ocrx_word' id='word_1_90' title='bbox 1195 650 1363 693; x_wconf 87' lang='lat' dir='ltr'>tempore</span> <span class='ocrx_word' id='word_1_91' title='bbox 1381 645 1416 683; x_wconf 84' lang='lat'>&amp;</span> <span class='ocrx_word' id='word_1_92' title='bbox 1430 644 1549 683; x_wconf 85' lang='lat' dir='ltr'>cordis</span> <span class='ocrx_word' id='word_1_93' title='bbox 1563 658 1684 684; x_wconf 77' lang='lat' dir='ltr'>recur-</span> 
     </span>
     <span class='ocr_line' id='line_1_10' title="bbox 78 704 1683 756; baseline -0.002 -8"><span class='ocrx_word' id='word_1_94' title='bbox 78 718 202 748; x_wconf 84' lang='lat' dir='ltr'>vatum</span> <span class='ocrx_word' id='word_1_95' title='bbox 228 709 365 756; x_wconf 82' lang='lat' dir='ltr'><strong>apicem</strong></span> <span class='ocrx_word' id='word_1_96' title='bbox 397 706 510 742; x_wconf 84' lang='lat' dir='ltr'>costas</span> <span class='ocrx_word' id='word_1_97' title='bbox 536 704 664 748; x_wconf 88' lang='lat' dir='ltr'>ferire,</span> <span class='ocrx_word' id='word_1_98' title='bbox 700 706 737 742; x_wconf 74' lang='grc' dir='ltr'>δι</span> <span class='ocrx_word' id='word_1_99' title='bbox 760 704 972 753; x_wconf 78' lang='lat' dir='ltr'>sanguinem</span> <span class='ocrx_word' id='word_1_100' title='bbox 992 705 1031 743; x_wconf 89' lang='lat' dir='ltr'>in</span> <span class='ocrx_word' id='word_1_101' title='bbox 1052 705 1224 742; x_wconf 86' lang='lat' dir='ltr'>omnibus</span> <span class='ocrx_word' id='word_1_102' title='bbox 1249 706 1383 743; x_wconf 84' lang='lat' dir='ltr'>arteriis</span> <span class='ocrx_word' id='word_1_103' title='bbox 1401 733 1410 747; x_wconf 91' lang='lat'>,</span> <span class='ocrx_word' id='word_1_104' title='bbox 1447 717 1533 754; x_wconf 78' lang='lat' dir='ltr'>quas</span> <span class='ocrx_word' id='word_1_105' title='bbox 1561 707 1683 744; x_wconf 82' lang='lat' dir='ltr'>nomi-</span> 
     </span>
     <span class='ocr_line' id='line_1_11' title="bbox 78 763 1683 817; baseline -0.002 -10"><span class='ocrx_word' id='word_1_106' title='bbox 78 770 186 811; x_wconf 84' lang='lat' dir='ltr'>navi,</span> <span class='ocrx_word' id='word_1_107' title='bbox 220 765 363 817; x_wconf 87' lang='lat' dir='ltr'>pulsum</span> <span class='ocrx_word' id='word_1_108' title='bbox 386 763 536 804; x_wconf 72' lang='lat' dir='ltr'>efficere.</span> <span class='ocrx_word' id='word_1_109' title='bbox 570 763 871 814; x_wconf 87' lang='lat' dir='ltr'>Experimentum</span> <span class='ocrx_word' id='word_1_110' title='bbox 889 764 978 814; x_wconf 76' lang='lat' dir='ltr'>saepe</span> <span class='ocrx_word' id='word_1_111' title='bbox 1004 763 1074 801; x_wconf 87' lang='lat' dir='ltr'>feci</span> <span class='ocrx_word' id='word_1_112' title='bbox 1094 793 1103 807; x_wconf 92' lang='lat'>,</span> <span class='ocrx_word' id='word_1_113' title='bbox 1139 765 1175 801; x_wconf 89' lang='lat'>&amp;</span> <span class='ocrx_word' id='word_1_114' title='bbox 1198 766 1236 800; x_wconf 89' lang='lat' dir='ltr'>in</span> <span class='ocrx_word' id='word_1_115' title='bbox 1259 776 1318 802; x_wconf 89' lang='lat' dir='ltr'>me</span> <span class='ocrx_word' id='word_1_116' title='bbox 1333 793 1342 807; x_wconf 94' lang='lat'>‚</span> <span class='ocrx_word' id='word_1_117' title='bbox 1380 765 1416 801; x_wconf 87' lang='lat'>&amp;</span> <span class='ocrx_word' id='word_1_118' title='bbox 1442 766 1479 803; x_wconf 86' lang='lat' dir='ltr'>in</span> <span class='ocrx_word' id='word_1_119' title='bbox 1502 767 1590 803; x_wconf 86' lang='lat' dir='ltr'>vivis</span> <span class='ocrx_word' id='word_1_120' title='bbox 1608 767 1683 803; x_wconf 83' lang='lat' dir='ltr'>ani-</span> 
     </span>
     <span class='ocr_line' id='line_1_12' title="bbox 78 823 1681 872; baseline -0.003 -6"><span class='ocrx_word' id='word_1_121' title='bbox 78 828 233 868; x_wconf 74' lang='lat' dir='ltr'>malibus</span> <span class='ocrx_word' id='word_1_122' title='bbox 248 839 258 872; x_wconf 89' lang='lat'>;</span> <span class='ocrx_word' id='word_1_123' title='bbox 280 826 366 863; x_wconf 87' lang='lat' dir='ltr'>fecit</span> <span class='ocrx_word' id='word_1_124' title='bbox 383 823 419 862; x_wconf 89' lang='lat' dir='ltr'>H</span> <span class='ocrx_word' id='word_1_125' title='bbox 433 836 456 861; x_wconf 81' lang='lat' dir='ltr'><strong>A</strong></span> <span class='ocrx_word' id='word_1_126' title='bbox 469 836 493 861; x_wconf 85' lang='lat' dir='ltr'>R</span> <span class='ocrx_word' id='word_1_127' title='bbox 506 836 528 865; x_wconf 80' lang='lat' dir='ltr'>v</span> <span class='ocrx_word' id='word_1_128' title='bbox 542 836 561 860; x_wconf 80' lang='lat' dir='ltr'>E</span> <span class='ocrx_word' id='word_1_129' title='bbox 577 836 588 860; x_wconf 90' lang='lat'>1</span> <span class='ocrx_word' id='word_1_130' title='bbox 605 836 626 860; x_wconf 87' lang='grc' dir='ltr'><em>υ</em></span> <span class='ocrx_word' id='word_1_131' title='bbox 640 837 654 860; x_wconf 85' lang='lat' dir='ltr'>s</span> <span class='ocrx_word' id='word_1_132' title='bbox 686 825 702 869; x_wconf 95' lang='lat'><em>(</em></span> <span class='ocrx_word' id='word_1_133' title='bbox 715 823 784 870; x_wconf 86' lang='lat' dir='ltr'>x),</span> <span class='ocrx_word' id='word_1_134' title='bbox 818 823 984 861; x_wconf 89' lang='lat' dir='ltr'>fecerunt</span> <span class='ocrx_word' id='word_1_135' title='bbox 996 824 1105 872; x_wconf 88' lang='lat' dir='ltr'>primi</span> <span class='ocrx_word' id='word_1_136' title='bbox 1126 825 1297 862; x_wconf 85' lang='lat' dir='ltr'>circuitus</span> <span class='ocrx_word' id='word_1_137' title='bbox 1315 823 1496 871; x_wconf 76' lang='lat' dir='ltr'>sanguinis</span> <span class='ocrx_word' id='word_1_138' title='bbox 1514 825 1681 869; x_wconf 80' lang='lat' dir='ltr'>statores,</span> 
     </span>
     <span class='ocr_line' id='line_1_13' title="bbox 80 880 1681 936; baseline -0.002 -12"><span class='ocrx_word' id='word_1_139' title='bbox 80 891 133 936; x_wconf 81' lang='lat' dir='ltr'>(y</span> <span class='ocrx_word' id='word_1_140' title='bbox 153 895 188 935; x_wconf 88' lang='lat'>),</span> <span class='ocrx_word' id='word_1_141' title='bbox 223 886 388 924; x_wconf 89' lang='lat' dir='ltr'>fecerunt</span> <span class='ocrx_word' id='word_1_142' title='bbox 415 884 543 934; x_wconf 86' lang='lat' dir='ltr'>nuperi</span> <span class='ocrx_word' id='word_1_143' title='bbox 567 883 620 922; x_wconf 92' lang='lat' dir='ltr'>Cl.</span> <span class='ocrx_word' id='word_1_144' title='bbox 646 884 711 920; x_wconf 89' lang='lat' dir='ltr'>viri</span> <span class='ocrx_word' id='word_1_145' title='bbox 735 890 790 935; x_wconf 83' lang='lat' dir='ltr'>(z</span> <span class='ocrx_word' id='word_1_146' title='bbox 805 883 842 928; x_wconf 89' lang='lat'>)‚</span> <span class='ocrx_word' id='word_1_147' title='bbox 873 882 958 920; x_wconf 88' lang='lat' dir='ltr'>fecit</span> <span class='ocrx_word' id='word_1_148' title='bbox 980 884 1017 918; x_wconf 88' lang='lat' dir='ltr'>in</span> <span class='ocrx_word' id='word_1_149' title='bbox 1040 894 1137 931; x_wconf 90' lang='lat' dir='ltr'>equo</span> <span class='ocrx_word' id='word_1_150' title='bbox 1164 882 1219 920; x_wconf 88' lang='lat' dir='ltr'>Cl.</span> <span class='ocrx_word' id='word_1_151' title='bbox 1244 880 1307 919; x_wconf 92' lang='lat' dir='ltr'>Bo</span> <span class='ocrx_word' id='word_1_152' title='bbox 1321 895 1339 918; x_wconf 83' lang='grc' dir='ltr'>υ</span> <span class='ocrx_word' id='word_1_153' title='bbox 1357 894 1416 919; x_wconf 77' lang='lat' dir='ltr'>Ro</span> <span class='ocrx_word' id='word_1_154' title='bbox 1430 895 1450 919; x_wconf 83' lang='lat' dir='ltr'><strong>E</strong></span> <span class='ocrx_word' id='word_1_155' title='bbox 1464 896 1557 921; x_wconf 81' lang='lat' dir='ltr'>LAT</span> <span class='ocrx_word' id='word_1_156' title='bbox 1584 885 1641 932; x_wconf 77' lang='lat' dir='ltr'>(a</span> <span class='ocrx_word' id='word_1_157' title='bbox 1655 891 1681 932; x_wconf 67' lang='lat'>),</span> 
     </span>
     <span class='ocr_line' id='line_1_14' title="bbox 79 940 1686 993; baseline -0.002 -9"><span class='ocrx_word' id='word_1_158' title='bbox 79 947 220 988; x_wconf 81' lang='lat' dir='ltr'>Unicus</span> <span class='ocrx_word' id='word_1_159' title='bbox 240 946 439 983; x_wconf 84' lang='lat' dir='ltr'>contrarius</span> <span class='ocrx_word' id='word_1_160' title='bbox 464 943 560 981; x_wconf 82' lang='lat' dir='ltr'>testis</span> <span class='ocrx_word' id='word_1_161' title='bbox 587 943 637 980; x_wconf 89' lang='lat' dir='ltr'>est</span> <span class='ocrx_word' id='word_1_162' title='bbox 665 943 717 982; x_wconf 92' lang='lat' dir='ltr'>Cl.</span> <span class='ocrx_word' id='word_1_163' title='bbox 747 942 837 980; x_wconf 92' lang='lat' dir='ltr'>olim</span> <span class='ocrx_word' id='word_1_164' title='bbox 857 943 910 978; x_wconf 89' lang='lat' dir='ltr'>vir</span> <span class='ocrx_word' id='word_1_165' title='bbox 933 940 1053 990; x_wconf 71' lang='lat' dir='ltr'>josias</span> <span class='ocrx_word' id='word_1_166' title='bbox 1084 941 1173 980; x_wconf 68' lang='lat' dir='ltr'>We</span> <span class='ocrx_word' id='word_1_167' title='bbox 1189 954 1201 978; x_wconf 91' lang='lat'>1</span> <span class='ocrx_word' id='word_1_168' title='bbox 1216 953 1240 978; x_wconf 80' lang='lat' dir='ltr'>‘r</span> <span class='ocrx_word' id='word_1_169' title='bbox 1254 953 1273 978; x_wconf 82' lang='lat' dir='ltr'><strong>B</strong></span> <span class='ocrx_word' id='word_1_170' title='bbox 1290 954 1311 978; x_wconf 75' lang='lat' dir='ltr'>R</span> <span class='ocrx_word' id='word_1_171' title='bbox 1324 954 1343 979; x_wconf 76' lang='lat' dir='ltr'>E</span> <span class='ocrx_word' id='word_1_172' title='bbox 1356 954 1376 979; x_wconf 91' lang='lat' dir='ltr'>c</span> <span class='ocrx_word' id='word_1_173' title='bbox 1389 954 1415 978; x_wconf 83' lang='lat' dir='ltr'>H</span> <span class='ocrx_word' id='word_1_174' title='bbox 1428 954 1451 979; x_wconf 87' lang='lat' dir='ltr'><strong>T</strong></span> <span class='ocrx_word' id='word_1_175' title='bbox 1481 942 1532 989; x_wconf 71' lang='lat' dir='ltr'>&lt;b</span> <span class='ocrx_word' id='word_1_176' title='bbox 1547 944 1567 991; x_wconf 83' lang='lat'><em>)</em></span> <span class='ocrx_word' id='word_1_177' title='bbox 1581 972 1590 986; x_wconf 90' lang='lat'>‚</span> <span class='ocrx_word' id='word_1_178' title='bbox 1622 945 1686 993; x_wconf 85' lang='lat' dir='ltr'>qui</span> 
     </span>
     <span class='ocr_line' id='line_1_15' title="bbox 77 1000 1686 1055; baseline -0.002 -10"><span class='ocrx_word' id='word_1_179' title='bbox 77 1007 151 1046; x_wconf 81' lang='lat' dir='ltr'>alio</span> <span class='ocrx_word' id='word_1_180' title='bbox 172 1004 397 1055; x_wconf 88' lang='lat' dir='ltr'>tempusculo</span> <span class='ocrx_word' id='word_1_181' title='bbox 411 1006 448 1041; x_wconf 89' lang='lat' dir='ltr'>in</span> <span class='ocrx_word' id='word_1_182' title='bbox 466 1002 646 1045; x_wconf 69' lang='lat' dir='ltr'>carmide,</span> <span class='ocrx_word' id='word_1_183' title='bbox 675 1002 745 1040; x_wconf 80' lang='lat' dir='ltr'>alio</span> <span class='ocrx_word' id='word_1_184' title='bbox 769 1013 855 1039; x_wconf 85' lang='lat' dir='ltr'>vero</span> <span class='ocrx_word' id='word_1_185' title='bbox 876 1003 913 1038; x_wconf 87' lang='lat' dir='ltr'>in</span> <span class='ocrx_word' id='word_1_186' title='bbox 927 1003 1023 1050; x_wconf 77' lang='lat' dir='ltr'>carpi</span> <span class='ocrx_word' id='word_1_187' title='bbox 1043 1003 1167 1039; x_wconf 80' lang='lat' dir='ltr'>arteria</span> <span class='ocrx_word' id='word_1_188' title='bbox 1190 1000 1331 1051; x_wconf 83' lang='lat' dir='ltr'>pulsum</span> <span class='ocrx_word' id='word_1_189' title='bbox 1357 1005 1540 1051; x_wconf 83' lang='lat' dir='ltr'>percepit,</span> <span class='ocrx_word' id='word_1_190' title='bbox 1574 1015 1686 1052; x_wconf 87' lang='lat' dir='ltr'>quem</span> 
     </span>
     <span class='ocr_line' id='line_1_16' title="bbox 78 1061 1686 1113; baseline 0.001 -10"><span class='ocrx_word' id='word_1_191' title='bbox 78 1069 198 1104; x_wconf 86' lang='lat' dir='ltr'>virum</span> <span class='ocrx_word' id='word_1_192' title='bbox 220 1068 258 1102; x_wconf 88' lang='lat' dir='ltr'>in</span> <span class='ocrx_word' id='word_1_193' title='bbox 288 1064 505 1113; x_wconf 78' lang='lat' dir='ltr'>singularem</span> <span class='ocrx_word' id='word_1_194' title='bbox 526 1071 621 1100; x_wconf 84' lang='lat' dir='ltr'>certe</span> <span class='ocrx_word' id='word_1_195' title='bbox 641 1090 651 1106; x_wconf 88' lang='lat'>,</span> <span class='ocrx_word' id='word_1_196' title='bbox 690 1063 726 1105; x_wconf 66' lang='grc' dir='ltr'>ἃ,</span> <span class='ocrx_word' id='word_1_197' title='bbox 747 1068 922 1112; x_wconf 78' lang='lat' dir='ltr'>arecepta</span> <span class='ocrx_word' id='word_1_198' title='bbox 943 1068 1077 1103; x_wconf 79' lang='lat' dir='ltr'>naturae</span> <span class='ocrx_word' id='word_1_199' title='bbox 1105 1061 1187 1110; x_wconf 81' lang='lat' dir='ltr'>lege</span> <span class='ocrx_word' id='word_1_200' title='bbox 1215 1061 1438 1104; x_wconf 74' lang='lat' dir='ltr'>aberrantem</span> <span class='ocrx_word' id='word_1_201' title='bbox 1458 1091 1468 1106; x_wconf 91' lang='lat'>,</span> <span class='ocrx_word' id='word_1_202' title='bbox 1512 1072 1686 1104; x_wconf 84' lang='lat' dir='ltr'>eventum</span> 
     </span>
     <span class='ocr_line' id='line_1_17' title="bbox 78 1123 482 1166; baseline -0.007 -2"><span class='ocrx_word' id='word_1_203' title='bbox 78 1123 239 1164; x_wconf 82' lang='lat' dir='ltr'>incidiffe</span> <span class='ocrx_word' id='word_1_204' title='bbox 265 1123 402 1166; x_wconf 75' lang='lat' dir='ltr'>necesse</span> <span class='ocrx_word' id='word_1_205' title='bbox 425 1124 482 1166; x_wconf 68' lang='lat' dir='ltr'>est,</span> 
     </span>
    </p>

    <p class='ocr_par' dir='ltr' id='par_1_3' title="bbox 81 1180 1691 1831">
     <span class='ocr_line' id='line_1_18' title="bbox 140 1180 1689 1234; baseline 0 -12"><span class='ocrx_word' id='word_1_206' title='bbox 140 1185 253 1226; x_wconf 89' lang='lat' dir='ltr'>Nunc</span> <span class='ocrx_word' id='word_1_207' title='bbox 275 1193 397 1223; x_wconf 85' lang='lat' dir='ltr'>autem</span> <span class='ocrx_word' id='word_1_208' title='bbox 425 1187 516 1221; x_wconf 81' lang='lat' dir='ltr'>intra</span> <span class='ocrx_word' id='word_1_209' title='bbox 537 1186 723 1222; x_wconf 82' lang='lat' dir='ltr'>minutum</span> <span class='ocrx_word' id='word_1_210' title='bbox 748 1186 909 1234; x_wconf 86' lang='lat' dir='ltr'>primum</span> <span class='ocrx_word' id='word_1_211' title='bbox 930 1184 1033 1222; x_wconf 83' lang='lat' dir='ltr'>facile</span> <span class='ocrx_word' id='word_1_212' title='bbox 1058 1182 1136 1222; x_wconf 77' lang='lat' dir='ltr'>satis</span> <span class='ocrx_word' id='word_1_213' title='bbox 1163 1183 1293 1222; x_wconf 72' lang='lat' dir='ltr'>multas</span> <span class='ocrx_word' id='word_1_214' title='bbox 1319 1196 1427 1222; x_wconf 85' lang='lat' dir='ltr'>voces</span> <span class='ocrx_word' id='word_1_215' title='bbox 1452 1180 1689 1233; x_wconf 58' lang='lat' dir='ltr'>pronuncio}</span> 
     </span>
     <span class='ocr_line' id='line_1_19' title="bbox 82 1243 1683 1295; baseline -0.001 -11"><span class='ocrx_word' id='word_1_216' title='bbox 82 1258 162 1295; x_wconf 86' lang='lat' dir='ltr'>quae</span> <span class='ocrx_word' id='word_1_217' title='bbox 189 1244 287 1282; x_wconf 89' lang='lat' dir='ltr'>mille</span> <span class='ocrx_word' id='word_1_218' title='bbox 306 1245 422 1281; x_wconf 61' lang='lat' dir='ltr'>literas</span> <span class='ocrx_word' id='word_1_219' title='bbox 446 1246 680 1282; x_wconf 83' lang='lat' dir='ltr'>contineant:</span> <span class='ocrx_word' id='word_1_220' title='bbox 726 1245 762 1281; x_wconf 73' lang='grc' dir='ltr'>δε</span> <span class='ocrx_word' id='word_1_221' title='bbox 784 1243 887 1281; x_wconf 75' lang='lat' dir='ltr'>facile</span> <span class='ocrx_word' id='word_1_222' title='bbox 912 1245 1031 1281; x_wconf 84' lang='lat' dir='ltr'>anima</span> <span class='ocrx_word' id='word_1_223' title='bbox 1056 1244 1324 1293; x_wconf 88' lang='lat' dir='ltr'>tempusculum</span> <span class='ocrx_word' id='word_1_224' title='bbox 1360 1244 1571 1294; x_wconf 84' lang='lat' dir='ltr'>distinguit,</span> <span class='ocrx_word' id='word_1_225' title='bbox 1607 1257 1683 1294; x_wconf 84' lang='lat' dir='ltr'>quo</span> 
     </span>
     <span class='ocr_line' id='line_1_20' title="bbox 81 1303 1684 1355; baseline 0.001 -13"><span class='ocrx_word' id='word_1_226' title='bbox 81 1307 197 1355; x_wconf 82' lang='lat' dir='ltr'>prima</span> <span class='ocrx_word' id='word_1_227' title='bbox 221 1305 321 1341; x_wconf 83' lang='lat' dir='ltr'>litera</span> <span class='ocrx_word' id='word_1_228' title='bbox 344 1305 628 1354; x_wconf 80' lang='lat' dir='ltr'>pronunciatur,</span> <span class='ocrx_word' id='word_1_229' title='bbox 664 1305 708 1341; x_wconf 84' lang='lat' dir='ltr'>ab</span> <span class='ocrx_word' id='word_1_230' title='bbox 733 1303 869 1346; x_wconf 88' lang='lat' dir='ltr'>altero,</span> <span class='ocrx_word' id='word_1_231' title='bbox 914 1315 989 1353; x_wconf 88' lang='lat' dir='ltr'>quo</span> <span class='ocrx_word' id='word_1_232' title='bbox 1014 1303 1207 1342; x_wconf 81' lang='lat' dir='ltr'>secundam</span> <span class='ocrx_word' id='word_1_233' title='bbox 1230 1306 1418 1353; x_wconf 79' lang='lat' dir='ltr'>exprimo:</span> <span class='ocrx_word' id='word_1_234' title='bbox 1458 1303 1684 1344; x_wconf 79' lang='lat' dir='ltr'>millesimam</span> 
     </span>
     <span class='ocr_line' id='line_1_21' title="bbox 84 1363 1686 1415; baseline 0 -13"><span class='ocrx_word' id='word_1_235' title='bbox 84 1377 174 1413; x_wconf 86' lang='lat' dir='ltr'>ergo</span> <span class='ocrx_word' id='word_1_236' title='bbox 186 1371 323 1415; x_wconf 81' lang='lat' dir='ltr'>partem</span> <span class='ocrx_word' id='word_1_237' title='bbox 336 1366 467 1401; x_wconf 84' lang='lat' dir='ltr'>minuti</span> <span class='ocrx_word' id='word_1_238' title='bbox 479 1365 585 1412; x_wconf 86' lang='lat' dir='ltr'>primi</span> <span class='ocrx_word' id='word_1_239' title='bbox 599 1364 787 1412; x_wconf 83' lang='lat' dir='ltr'>distinguit</span> <span class='ocrx_word' id='word_1_240' title='bbox 805 1364 933 1400; x_wconf 83' lang='lat' dir='ltr'>anima.</span> <span class='ocrx_word' id='word_1_241' title='bbox 953 1363 1022 1401; x_wconf 85' lang='lat' dir='ltr'>Sed</span> <span class='ocrx_word' id='word_1_242' title='bbox 1034 1366 1159 1402; x_wconf 80' lang='lat' dir='ltr'>arteria</span> <span class='ocrx_word' id='word_1_243' title='bbox 1172 1365 1332 1413; x_wconf 78' lang='lat' dir='ltr'>poplitis,</span> <span class='ocrx_word' id='word_1_244' title='bbox 1356 1363 1470 1401; x_wconf 72' lang='lat' dir='ltr'>tribus</span> <span class='ocrx_word' id='word_1_245' title='bbox 1488 1365 1686 1405; x_wconf 86' lang='lat' dir='ltr'>minimum</span> 
     </span>
     <span class='ocr_line' id='line_1_22' title="bbox 83 1422 1685 1476; baseline 0.001 -14"><span class='ocrx_word' id='word_1_246' title='bbox 83 1424 238 1476; x_wconf 87' lang='lat' dir='ltr'>pedibus</span> <span class='ocrx_word' id='word_1_247' title='bbox 258 1425 302 1461; x_wconf 83' lang='lat' dir='ltr'>ab</span> <span class='ocrx_word' id='word_1_248' title='bbox 324 1432 432 1461; x_wconf 85' lang='lat' dir='ltr'>aortae</span> <span class='ocrx_word' id='word_1_249' title='bbox 456 1423 501 1460; x_wconf 86' lang='lat' dir='ltr'>de</span> <span class='ocrx_word' id='word_1_250' title='bbox 524 1422 635 1460; x_wconf 86' lang='lat' dir='ltr'>corde</span> <span class='ocrx_word' id='word_1_251' title='bbox 659 1423 873 1472; x_wconf 87' lang='lat' dir='ltr'>prodeuntis</span> <span class='ocrx_word' id='word_1_252' title='bbox 897 1423 989 1460; x_wconf 89' lang='lat' dir='ltr'>ostio</span> <span class='ocrx_word' id='word_1_253' title='bbox 1008 1422 1111 1462; x_wconf 78' lang='lat' dir='ltr'>distat</span> <span class='ocrx_word' id='word_1_254' title='bbox 1125 1452 1135 1466; x_wconf 92' lang='lat'>‚</span> <span class='ocrx_word' id='word_1_255' title='bbox 1174 1425 1292 1461; x_wconf 80' lang='lat' dir='ltr'>anima</span> <span class='ocrx_word' id='word_1_256' title='bbox 1311 1435 1398 1460; x_wconf 91' lang='lat' dir='ltr'>vero</span> <span class='ocrx_word' id='word_1_257' title='bbox 1418 1424 1685 1473; x_wconf 86' lang='lat' dir='ltr'>tempusculum</span> 
     </span>
     <span class='ocr_line' id='line_1_23' title="bbox 83 1481 1687 1532; baseline -0.001 -11"><span class='ocrx_word' id='word_1_258' title='bbox 83 1496 162 1522; x_wconf 84' lang='lat' dir='ltr'>non</span> <span class='ocrx_word' id='word_1_259' title='bbox 184 1484 393 1532; x_wconf 87' lang='lat' dir='ltr'>distinguit,</span> <span class='ocrx_word' id='word_1_260' title='bbox 418 1481 718 1532; x_wconf 75' lang='lat' dir='ltr'>quocorpulsat‚</span> <span class='ocrx_word' id='word_1_261' title='bbox 753 1483 789 1519; x_wconf 69' lang='grc' dir='ltr'>δε</span> <span class='ocrx_word' id='word_1_262' title='bbox 812 1494 887 1532; x_wconf 88' lang='lat' dir='ltr'>quo</span> <span class='ocrx_word' id='word_1_263' title='bbox 909 1484 1033 1520; x_wconf 79' lang='lat' dir='ltr'>arteria</span> <span class='ocrx_word' id='word_1_264' title='bbox 1057 1483 1205 1532; x_wconf 76' lang='lat' dir='ltr'>poplitis</span> <span class='ocrx_word' id='word_1_265' title='bbox 1227 1511 1236 1525; x_wconf 90' lang='lat'>‚</span> <span class='ocrx_word' id='word_1_266' title='bbox 1275 1484 1313 1519; x_wconf 83' lang='lat' dir='ltr'>in</span> <span class='ocrx_word' id='word_1_267' title='bbox 1333 1483 1514 1531; x_wconf 72' lang='lat' dir='ltr'>exemplo.</span> <span class='ocrx_word' id='word_1_268' title='bbox 1561 1481 1687 1532; x_wconf 50' lang='lat' dir='ltr'>Op0r2</span> 
     </span>
     <span class='ocr_line' id='line_1_24' title="bbox 84 1541 1687 1592; baseline -0.002 -10"><span class='ocrx_word' id='word_1_269' title='bbox 84 1550 137 1585; x_wconf 89' lang='lat' dir='ltr'>tet</span> <span class='ocrx_word' id='word_1_270' title='bbox 162 1544 254 1581; x_wconf 83' lang='lat' dir='ltr'>adeo</span> <span class='ocrx_word' id='word_1_271' title='bbox 274 1544 432 1583; x_wconf 86' lang='lat' dir='ltr'>breviori</span> <span class='ocrx_word' id='word_1_272' title='bbox 451 1551 618 1592; x_wconf 84' lang='lat' dir='ltr'>tempore</span> <span class='ocrx_word' id='word_1_273' title='bbox 640 1544 716 1583; x_wconf 84' lang='lat' dir='ltr'>vim.</span> <span class='ocrx_word' id='word_1_274' title='bbox 740 1541 860 1579; x_wconf 88' lang='lat' dir='ltr'>cordis</span> <span class='ocrx_word' id='word_1_275' title='bbox 881 1543 960 1590; x_wconf 88' lang='lat' dir='ltr'>(c)</span> <span class='ocrx_word' id='word_1_276' title='bbox 989 1541 1199 1590; x_wconf 65' lang='lat' dir='ltr'>sanguinem</span> <span class='ocrx_word' id='word_1_277' title='bbox 1220 1555 1284 1592; x_wconf 87' lang='lat' dir='ltr'>per</span> <span class='ocrx_word' id='word_1_278' title='bbox 1309 1550 1379 1580; x_wconf 89' lang='lat' dir='ltr'>tres</span> <span class='ocrx_word' id='word_1_279' title='bbox 1398 1542 1508 1591; x_wconf 85' lang='lat' dir='ltr'>pedes</span> <span class='ocrx_word' id='word_1_280' title='bbox 1534 1555 1687 1591; x_wconf 62' lang='lat' dir='ltr'>promo-2</span> 
     </span>
     <span class='ocr_line' id='line_1_25' title="bbox 87 1601 1688 1653; baseline -0.001 -12"><span class='ocrx_word' id='word_1_281' title='bbox 87 1614 192 1646; x_wconf 90' lang='lat' dir='ltr'>vere,</span> <span class='ocrx_word' id='word_1_282' title='bbox 233 1615 342 1652; x_wconf 84' lang='lat' dir='ltr'>quam</span> <span class='ocrx_word' id='word_1_283' title='bbox 367 1603 518 1653; x_wconf 90' lang='lat' dir='ltr'>quidem</span> <span class='ocrx_word' id='word_1_284' title='bbox 542 1601 808 1651; x_wconf 86' lang='lat' dir='ltr'>tempusculum</span> <span class='ocrx_word' id='word_1_285' title='bbox 839 1602 910 1645; x_wconf 86' lang='lat' dir='ltr'>est,</span> <span class='ocrx_word' id='word_1_286' title='bbox 954 1601 1118 1639; x_wconf 71' lang='lat' dir='ltr'>millesies</span> <span class='ocrx_word' id='word_1_287' title='bbox 1145 1604 1290 1640; x_wconf 89' lang='lat' dir='ltr'>minuto</span> <span class='ocrx_word' id='word_1_288' title='bbox 1318 1603 1441 1651; x_wconf 92' lang='lat' dir='ltr'>primo</span> <span class='ocrx_word' id='word_1_289' title='bbox 1462 1604 1604 1640; x_wconf 82' lang='lat' dir='ltr'>minus:</span> <span class='ocrx_word' id='word_1_290' title='bbox 1649 1602 1688 1640; x_wconf 85' lang='lat'>&amp;</span> 
     </span>
     <span class='ocr_line' id='line_1_26' title="bbox 86 1659 1690 1713; baseline 0 -13"><span class='ocrx_word' id='word_1_291' title='bbox 86 1675 151 1713; x_wconf 88' lang='lat' dir='ltr'>per</span> <span class='ocrx_word' id='word_1_292' title='bbox 181 1662 412 1705; x_wconf 76' lang='lat' dir='ltr'>conversam,</span> <span class='ocrx_word' id='word_1_293' title='bbox 458 1663 533 1699; x_wconf 90' lang='lat' dir='ltr'>vim</span> <span class='ocrx_word' id='word_1_294' title='bbox 558 1662 678 1699; x_wconf 83' lang='lat' dir='ltr'>cordis</span> <span class='ocrx_word' id='word_1_295' title='bbox 703 1659 840 1699; x_wconf 84' lang='lat' dir='ltr'>neceffe</span> <span class='ocrx_word' id='word_1_296' title='bbox 865 1662 938 1705; x_wconf 89' lang='lat' dir='ltr'>est,</span> <span class='ocrx_word' id='word_1_297' title='bbox 973 1661 1017 1699; x_wconf 80' lang='lat' dir='ltr'>ad</span> <span class='ocrx_word' id='word_1_298' title='bbox 1042 1661 1254 1710; x_wconf 74' lang='lat' dir='ltr'>sanguinem</span> <span class='ocrx_word' id='word_1_299' title='bbox 1276 1668 1329 1699; x_wconf 88' lang='lat' dir='ltr'>ter</span> <span class='ocrx_word' id='word_1_300' title='bbox 1354 1661 1514 1699; x_wconf 85' lang='lat' dir='ltr'>millibus</span> <span class='ocrx_word' id='word_1_301' title='bbox 1534 1661 1690 1712; x_wconf 74' lang='lat' dir='ltr'>pedibus</span> 
     </span>
     <span class='ocr_line' id='line_1_27' title="bbox 87 1711 1691 1771; baseline -0.002 -10"><span class='ocrx_word' id='word_1_302' title='bbox 87 1730 271 1761; x_wconf 80' lang='lat' dir='ltr'>remotum</span> <span class='ocrx_word' id='word_1_303' title='bbox 295 1711 485 1771; x_wconf 81' lang='lat' dir='ltr'>pe⁰rvenire</span> <span class='ocrx_word' id='word_1_304' title='bbox 508 1722 666 1758; x_wconf 88' lang='lat' dir='ltr'>breviori</span> <span class='ocrx_word' id='word_1_305' title='bbox 689 1728 879 1770; x_wconf 85' lang='lat' dir='ltr'>tempore,</span> <span class='ocrx_word' id='word_1_306' title='bbox 915 1733 1025 1770; x_wconf 79' lang='lat' dir='ltr'>quam</span> <span class='ocrx_word' id='word_1_307' title='bbox 1050 1724 1236 1759; x_wconf 86' lang='lat' dir='ltr'>minutum</span> <span class='ocrx_word' id='word_1_308' title='bbox 1257 1724 1418 1771; x_wconf 87' lang='lat' dir='ltr'>primum</span> <span class='ocrx_word' id='word_1_309' title='bbox 1443 1722 1512 1764; x_wconf 85' lang='lat' dir='ltr'>est,</span> <span class='ocrx_word' id='word_1_310' title='bbox 1548 1721 1574 1758; x_wconf 89' lang='lat' dir='ltr'><strong>fi</strong></span> <span class='ocrx_word' id='word_1_311' title='bbox 1599 1720 1691 1759; x_wconf 85' lang='lat' dir='ltr'>nihil</span> 
     </span>
     <span class='ocr_line' id='line_1_28' title="bbox 86 1780 1686 1831; baseline -0.001 -12"><span class='ocrx_word' id='word_1_312' title='bbox 86 1782 233 1824; x_wconf 73' lang='lat' dir='ltr'>,interim</span> <span class='ocrx_word' id='word_1_313' title='bbox 254 1783 286 1819; x_wconf 84' lang='lat' dir='ltr'>ei</span> <span class='ocrx_word' id='word_1_314' title='bbox 302 1782 492 1819; x_wconf 78' lang='lat' dir='ltr'>velocitate</span> <span class='ocrx_word' id='word_1_315' title='bbox 516 1780 727 1824; x_wconf 80' lang='lat' dir='ltr'>decederet,</span> <span class='ocrx_word' id='word_1_316' title='bbox 755 1793 825 1830; x_wconf 83' lang='lat' dir='ltr'>qua</span> <span class='ocrx_word' id='word_1_317' title='bbox 845 1793 911 1831; x_wconf 89' lang='lat' dir='ltr'>per</span> <span class='ocrx_word' id='word_1_318' title='bbox 933 1791 1083 1830; x_wconf 81' lang='lat' dir='ltr'>truncos</span> <span class='ocrx_word' id='word_1_319' title='bbox 1105 1783 1316 1821; x_wconf 81' lang='lat' dir='ltr'>arteriarum</span> <span class='ocrx_word' id='word_1_320' title='bbox 1331 1782 1486 1829; x_wconf 83' lang='lat' dir='ltr'>majores</span> <span class='ocrx_word' id='word_1_321' title='bbox 1505 1788 1686 1819; x_wconf 90' lang='lat' dir='ltr'>movetur.</span> 
     </span>
    </p>
   </div>
   <div class='ocr_carea' id='block_1_3' title="bbox 80 1838 1692 2323">
    <p class='ocr_par' dir='ltr' id='par_1_4' title="bbox 1481 1838 1687 1886">
     <span class='ocr_line' id='line_1_29' title="bbox 1481 1838 1687 1886; baseline -0.02 -5"><span class='ocrx_word' id='word_1_322' title='bbox 1481 1844 1513 1886; x_wconf 59' lang='grc' dir='ltr'>ᾗ</span> <span class='ocrx_word' id='word_1_323' title='bbox 1549 1838 1687 1885; x_wconf 80' lang='lat' dir='ltr'>XLIV.</span> 
     </span>
    </p>

    <p class='ocr_par' dir='ltr' id='par_1_5' title="bbox 128 1957 959 1996">
     <span class='ocr_line' id='line_1_30' title="bbox 128 1957 959 1996; baseline -0.002 -8"><span class='ocrx_word' id='word_1_324' title='bbox 128 1959 145 1992; x_wconf 87' lang='lat'><strong>(</strong></span> <span class='ocrx_word' id='word_1_325' title='bbox 168 1958 212 1994; x_wconf 73' lang='lat' dir='ltr'>s)</span> <span class='ocrx_word' id='word_1_326' title='bbox 235 1958 357 1988; x_wconf 84' lang='lat' dir='ltr'>Plurima</span> <span class='ocrx_word' id='word_1_327' title='bbox 373 1958 572 1996; x_wconf 72' lang='lat' dir='ltr'>experimenta</span> <span class='ocrx_word' id='word_1_328' title='bbox 594 1957 718 1987; x_wconf 78' lang='lat' dir='ltr'>diximus</span> <span class='ocrx_word' id='word_1_329' title='bbox 745 1965 772 1994; x_wconf 89' lang='lat' dir='ltr'>p.</span> <span class='ocrx_word' id='word_1_330' title='bbox 794 1964 863 1993; x_wconf 82' lang='lat'>223.</span> <span class='ocrx_word' id='word_1_331' title='bbox 888 1964 959 1996; x_wconf 70' lang='lat'>²²40</span> 
     </span>
    </p>

    <p class='ocr_par' dir='ltr' id='par_1_6' title="bbox 131 1999 657 2037">
     <span class='ocr_line' id='line_1_31' title="bbox 131 1999 657 2037; baseline -0.002 -8"><span class='ocrx_word' id='word_1_332' title='bbox 131 1999 177 2034; x_wconf 82' lang='lat' dir='ltr'>(t</span> <span class='ocrx_word' id='word_1_333' title='bbox 195 2001 208 2036; x_wconf 88' lang='lat'><em>)</em></span> <span class='ocrx_word' id='word_1_334' title='bbox 229 2002 297 2035; x_wconf 82' lang='lat' dir='ltr'>Exp.</span> <span class='ocrx_word' id='word_1_335' title='bbox 324 2007 388 2035; x_wconf 72' lang='lat'>153.</span> <span class='ocrx_word' id='word_1_336' title='bbox 417 2008 482 2036; x_wconf 86' lang='lat'>¹70·</span> <span class='ocrx_word' id='word_1_337' title='bbox 504 2008 567 2037; x_wconf 83' lang='lat'>172.</span> <span class='ocrx_word' id='word_1_338' title='bbox 593 2004 657 2034; x_wconf 86' lang='lat'>180.</span> 
     </span>
    </p>

    <p class='ocr_par' dir='ltr' id='par_1_7' title="bbox 132 2038 810 2078">
     <span class='ocr_line' id='line_1_32' title="bbox 132 2038 810 2078; baseline -0.001 -9"><span class='ocrx_word' id='word_1_339' title='bbox 132 2040 213 2077; x_wconf 85' lang='lat' dir='ltr'>(u)</span> <span class='ocrx_word' id='word_1_340' title='bbox 236 2040 307 2070; x_wconf 85' lang='lat' dir='ltr'>lbid</span> <span class='ocrx_word' id='word_1_341' title='bbox 332 2042 400 2077; x_wconf 82' lang='lat' dir='ltr'>Exp.</span> <span class='ocrx_word' id='word_1_342' title='bbox 430 2043 475 2078; x_wconf 89' lang='lat'>67.</span> <span class='ocrx_word' id='word_1_343' title='bbox 504 2049 550 2077; x_wconf 90' lang='lat'>7¹·</span> <span class='ocrx_word' id='word_1_344' title='bbox 583 2045 630 2075; x_wconf 82' lang='lat'>88.</span> <span class='ocrx_word' id='word_1_345' title='bbox 664 2043 728 2077; x_wconf 83' lang='lat'>¹83·</span> <span class='ocrx_word' id='word_1_346' title='bbox 756 2038 810 2068; x_wconf 59' lang='lat' dir='ltr'>&amp;a</span> 
     </span>
    </p>

    <p class='ocr_par' dir='ltr' id='par_1_8' title="bbox 129 2079 495 2119">
     <span class='ocr_line' id='line_1_33' title="bbox 129 2079 495 2119; baseline 0 -9"><span class='ocrx_word' id='word_1_347' title='bbox 129 2080 208 2119; x_wconf 82' lang='lat' dir='ltr'>(x)</span> <span class='ocrx_word' id='word_1_348' title='bbox 232 2082 352 2111; x_wconf 74' lang='lat' dir='ltr'>Exercit.</span> <span class='ocrx_word' id='word_1_349' title='bbox 377 2079 391 2110; x_wconf 91' lang='grc' dir='ltr'>Ῑ</span> <span class='ocrx_word' id='word_1_350' title='bbox 422 2090 445 2110; x_wconf 88' lang='lat' dir='ltr'>c.</span> <span class='ocrx_word' id='word_1_351' title='bbox 471 2090 495 2119; x_wconf 86' lang='lat'>3.</span> 
     </span>
    </p>

    <p class='ocr_par' dir='ltr' id='par_1_9' title="bbox 80 2119 1692 2282">
     <span class='ocr_line' id='line_1_34' title="bbox 132 2119 941 2160; baseline -0.002 -9"><span class='ocrx_word' id='word_1_352' title='bbox 132 2121 211 2160; x_wconf 78' lang='lat' dir='ltr'>(y)</span> <span class='ocrx_word' id='word_1_353' title='bbox 235 2122 251 2159; x_wconf 84' lang='lat' dir='ltr'>J</span> <span class='ocrx_word' id='word_1_354' title='bbox 286 2121 493 2152; x_wconf 58' lang='lat' dir='ltr'>Wirfflus</span> <span class='ocrx_word' id='word_1_355' title='bbox 517 2119 596 2159; x_wconf 68' lang='lat' dir='ltr'>Epss.</span> <span class='ocrx_word' id='word_1_356' title='bbox 620 2122 667 2150; x_wconf 78' lang='lat' dir='ltr'>cit.</span> <span class='ocrx_word' id='word_1_357' title='bbox 696 2129 722 2158; x_wconf 85' lang='lat' dir='ltr'>p.</span> <span class='ocrx_word' id='word_1_358' title='bbox 747 2123 814 2155; x_wconf 75' lang='lat'><strong>406.</strong></span> <span class='ocrx_word' id='word_1_359' title='bbox 840 2120 884 2149; x_wconf 85' lang='lat' dir='ltr'>ed.</span> <span class='ocrx_word' id='word_1_360' title='bbox 916 2129 941 2149; x_wconf 85' lang='grc' dir='ltr'>ῐ.</span> 
     </span>
     <span class='ocr_line' id='line_1_35' title="bbox 80 2160 1692 2201; baseline 0 -9"><span class='ocrx_word' id='word_1_361' title='bbox 80 2169 87 2173; x_wconf 75' lang='grc'><em>”</em></span> <span class='ocrx_word' id='word_1_362' title='bbox 133 2163 179 2197; x_wconf 77' lang='lat' dir='ltr'>(z</span> <span class='ocrx_word' id='word_1_363' title='bbox 197 2165 209 2199; x_wconf 84' lang='lat'><em>)</em></span> <span class='ocrx_word' id='word_1_364' title='bbox 231 2160 365 2201; x_wconf 76' lang='lat' dir='ltr'>Josephus</span> <span class='ocrx_word' id='word_1_365' title='bbox 386 2162 412 2192; x_wconf 92' lang='lat' dir='ltr'>D</span> <span class='ocrx_word' id='word_1_366' title='bbox 425 2173 442 2191; x_wconf 85' lang='lat' dir='ltr'>u</span> <span class='ocrx_word' id='word_1_367' title='bbox 457 2172 475 2193; x_wconf 84' lang='lat' dir='ltr'>v</span> <span class='ocrx_word' id='word_1_368' title='bbox 489 2173 502 2192; x_wconf 82' lang='grc' dir='ltr'>ι</span> <span class='ocrx_word' id='word_1_369' title='bbox 516 2173 532 2191; x_wconf 72' lang='lat' dir='ltr'>R</span> <span class='ocrx_word' id='word_1_370' title='bbox 549 2171 571 2192; x_wconf 68' lang='grc' dir='ltr'>Ν</span> <span class='ocrx_word' id='word_1_371' title='bbox 586 2172 603 2191; x_wconf 76' lang='lat' dir='ltr'>r.</span> <span class='ocrx_word' id='word_1_372' title='bbox 619 2172 638 2192; x_wconf 68' lang='grc' dir='ltr'>Υ</span> <span class='ocrx_word' id='word_1_373' title='bbox 661 2162 694 2190; x_wconf 78' lang='lat' dir='ltr'>de</span> <span class='ocrx_word' id='word_1_374' title='bbox 716 2161 799 2190; x_wconf 80' lang='lat' dir='ltr'>l&#39;ome</span> <span class='ocrx_word' id='word_1_375' title='bbox 814 2171 841 2199; x_wconf 83' lang='lat' dir='ltr'>p.</span> <span class='ocrx_word' id='word_1_376' title='bbox 866 2171 934 2200; x_wconf 56' lang='lat'>207,</span> <span class='ocrx_word' id='word_1_377' title='bbox 961 2160 997 2191; x_wconf 84' lang='lat' dir='ltr'>de</span> <span class='ocrx_word' id='word_1_378' title='bbox 1018 2160 1098 2200; x_wconf 78' lang='lat' dir='ltr'>pulsu</span> <span class='ocrx_word' id='word_1_379' title='bbox 1124 2160 1154 2191; x_wconf 88' lang='lat' dir='ltr'>in</span> <span class='ocrx_word' id='word_1_380' title='bbox 1180 2170 1249 2191; x_wconf 81' lang='lat' dir='ltr'>aure</span> <span class='ocrx_word' id='word_1_381' title='bbox 1269 2160 1385 2192; x_wconf 80' lang='lat' dir='ltr'>locutus</span> <span class='ocrx_word' id='word_1_382' title='bbox 1400 2182 1408 2197; x_wconf 94' lang='lat'>,</span> <span class='ocrx_word' id='word_1_383' title='bbox 1446 2161 1571 2192; x_wconf 60' lang='lat' dir='ltr'>Thomas</span> <span class='ocrx_word' id='word_1_384' title='bbox 1594 2164 1613 2194; x_wconf 87' lang='lat' dir='ltr'>S</span> <span class='ocrx_word' id='word_1_385' title='bbox 1628 2173 1692 2194; x_wconf 62' lang='lat' dir='ltr'>cn,</span> 
     </span>
     <span class='ocr_line' id='line_1_36' title="bbox 93 2203 700 2282; baseline 0.003 -10"><span class='ocrx_word' id='word_1_386' title='bbox 93 2203 494 2282; x_wconf 44' lang='grc' dir='ltr'>ψὲἶξεῌξρρεατνῗᾳιῗεῖ-Τ.</span> <span class='ocrx_word' id='word_1_387' title='bbox 520 2243 551 2273; x_wconf 89' lang='grc' dir='ltr'>ΙΙ.</span> <span class='ocrx_word' id='word_1_388' title='bbox 574 2254 600 2282; x_wconf 82' lang='lat' dir='ltr'>p.</span> <span class='ocrx_word' id='word_1_389' title='bbox 630 2247 700 2279; x_wconf 71' lang='lat'>246.</span> 
     </span>
    </p>

    <p class='ocr_par' dir='ltr' id='par_1_10' title="bbox 135 2282 1154 2323">
     <span class='ocr_line' id='line_1_37' title="bbox 135 2282 1154 2323; baseline -0.001 -10"><span class='ocrx_word' id='word_1_390' title='bbox 135 2284 214 2320; x_wconf 79' lang='lat' dir='ltr'>(h)</span> <span class='ocrx_word' id='word_1_391' title='bbox 240 2286 385 2313; x_wconf 82' lang='lat' dir='ltr'>Comment</span> <span class='ocrx_word' id='word_1_392' title='bbox 415 2285 504 2314; x_wconf 76' lang='lat' dir='ltr'>Acad.</span> <span class='ocrx_word' id='word_1_393' title='bbox 525 2282 626 2323; x_wconf 74' lang='lat' dir='ltr'>stient.</span> <span class='ocrx_word' id='word_1_394' title='bbox 648 2287 758 2321; x_wconf 83' lang='lat' dir='ltr'>Petrop.</span> <span class='ocrx_word' id='word_1_395' title='bbox 778 2284 811 2314; x_wconf 91' lang='lat' dir='ltr'>T.</span> <span class='ocrx_word' id='word_1_396' title='bbox 841 2284 895 2314; x_wconf 76' lang='lat' dir='ltr'>Vll</span> <span class='ocrx_word' id='word_1_397' title='bbox 934 2294 962 2322; x_wconf 89' lang='lat' dir='ltr'>p.</span> <span class='ocrx_word' id='word_1_398' title='bbox 993 2294 1059 2320; x_wconf 85' lang='lat'><em>3¹7-</em></span> <span class='ocrx_word' id='word_1_399' title='bbox 1089 2290 1154 2320; x_wconf 80' lang='lat'>318.</span> 
     </span>
    </p>
   </div>
   <div class='ocr_carea' id='block_1_4' title="bbox 92 2325 1699 2448">
    <p class='ocr_par' dir='ltr' id='par_1_11' title="bbox 92 2325 1699 2448">
     <span class='ocr_line' id='line_1_38' title="bbox 135 2325 1697 2366; baseline 0.001 -12"><span class='ocrx_word' id='word_1_400' title='bbox 135 2325 148 2360; x_wconf 92' lang='lat'>(</span> <span class='ocrx_word' id='word_1_401' title='bbox 171 2326 213 2360; x_wconf 88' lang='lat' dir='ltr'>c)</span> <span class='ocrx_word' id='word_1_402' title='bbox 237 2325 302 2354; x_wconf 72' lang='lat' dir='ltr'>Vim</span> <span class='ocrx_word' id='word_1_403' title='bbox 325 2325 418 2355; x_wconf 85' lang='lat' dir='ltr'>cordis</span> <span class='ocrx_word' id='word_1_404' title='bbox 440 2327 484 2355; x_wconf 82' lang='lat' dir='ltr'>aio</span> <span class='ocrx_word' id='word_1_405' title='bbox 503 2327 538 2355; x_wconf 78' lang='lat' dir='ltr'>ad</span> <span class='ocrx_word' id='word_1_406' title='bbox 564 2326 706 2363; x_wconf 69' lang='lat' dir='ltr'>poplitem</span> <span class='ocrx_word' id='word_1_407' title='bbox 730 2327 879 2364; x_wconf 81' lang='lat' dir='ltr'>pervenire</span> <span class='ocrx_word' id='word_1_408' title='bbox 894 2344 903 2357; x_wconf 70' lang='lat'>⁷</span> <span class='ocrx_word' id='word_1_409' title='bbox 926 2336 985 2355; x_wconf 81' lang='lat' dir='ltr'>non</span> <span class='ocrx_word' id='word_1_410' title='bbox 1009 2326 1074 2355; x_wconf 80' lang='lat' dir='ltr'>ideo</span> <span class='ocrx_word' id='word_1_411' title='bbox 1096 2326 1214 2355; x_wconf 73' lang='lat' dir='ltr'>adfirmo</span> <span class='ocrx_word' id='word_1_412' title='bbox 1242 2325 1384 2364; x_wconf 74' lang='lat' dir='ltr'>sanguinis</span> <span class='ocrx_word' id='word_1_413' title='bbox 1410 2326 1544 2357; x_wconf 76' lang='lat' dir='ltr'>definitos</span> <span class='ocrx_word' id='word_1_414' title='bbox 1566 2327 1697 2366; x_wconf 69' lang='lat' dir='ltr'>globulos</span> 
     </span>
     <span class='ocr_line' id='line_1_39' title="bbox 92 2366 1699 2406; baseline 0.001 -12"><span class='ocrx_word' id='word_1_415' title='bbox 92 2379 112 2395; x_wconf 63' lang='lat' dir='ltr'>a</span> <span class='ocrx_word' id='word_1_416' title='bbox 132 2366 220 2395; x_wconf 87' lang='lat' dir='ltr'>corde</span> <span class='ocrx_word' id='word_1_417' title='bbox 242 2367 276 2394; x_wconf 80' lang='lat' dir='ltr'>ad</span> <span class='ocrx_word' id='word_1_418' title='bbox 306 2366 444 2406; x_wconf 77' lang='lat' dir='ltr'>poplitem</span> <span class='ocrx_word' id='word_1_419' title='bbox 468 2366 554 2404; x_wconf 70' lang='lat' dir='ltr'>usque</span> <span class='ocrx_word' id='word_1_420' title='bbox 575 2367 689 2398; x_wconf 66' lang='lat' dir='ltr'>fluere5</span> <span class='ocrx_word' id='word_1_421' title='bbox 720 2377 785 2396; x_wconf 81' lang='lat' dir='ltr'>cnm</span> <span class='ocrx_word' id='word_1_422' title='bbox 803 2367 885 2395; x_wconf 61' lang='lat' dir='ltr'>valde</span> <span class='ocrx_word' id='word_1_423' title='bbox 906 2367 1054 2403; x_wconf 53' lang='lat' dir='ltr'>probibile</span> <span class='ocrx_word' id='word_1_424' title='bbox 1078 2367 1109 2397; x_wconf 66' lang='lat' dir='ltr'>fic</span> <span class='ocrx_word' id='word_1_425' title='bbox 1126 2390 1134 2403; x_wconf 86' lang='lat'>‚</span> <span class='ocrx_word' id='word_1_426' title='bbox 1172 2367 1278 2396; x_wconf 77' lang='lat' dir='ltr'>undam</span> <span class='ocrx_word' id='word_1_427' title='bbox 1303 2367 1484 2405; x_wconf 53' lang='lat' dir='ltr'>sanguineam</span> <span class='ocrx_word' id='word_1_428' title='bbox 1517 2379 1533 2401; x_wconf 77' lang='lat' dir='ltr'>a</span> <span class='ocrx_word' id='word_1_429' title='bbox 1553 2369 1637 2400; x_wconf 75' lang='lat' dir='ltr'>corde</span> <span class='ocrx_word' id='word_1_430' title='bbox 1664 2368 1699 2402; x_wconf 56' lang='lat' dir='ltr'>aij,</span> 
     </span>
     <span class='ocr_line' id='line_1_40' title="bbox 95 2406 1486 2448; baseline 0.003 -13"><span class='ocrx_word' id='word_1_431' title='bbox 95 2406 235 2445; x_wconf 78' lang='lat' dir='ltr'>poplitem</span> <span class='ocrx_word' id='word_1_432' title='bbox 256 2407 418 2446; x_wconf 68' lang='lat' dir='ltr'>protenfam</span> <span class='ocrx_word' id='word_1_433' title='bbox 432 2429 441 2446; x_wconf 86' lang='lat'>‚</span> <span class='ocrx_word' id='word_1_434' title='bbox 475 2407 510 2439; x_wconf 80' lang='lat' dir='ltr'>ab</span> <span class='ocrx_word' id='word_1_435' title='bbox 532 2408 609 2438; x_wconf 58' lang='lat' dir='ltr'>unda</span> <span class='ocrx_word' id='word_1_436' title='bbox 629 2410 664 2440; x_wconf 82' lang='lat' dir='ltr'>de</span> <span class='ocrx_word' id='word_1_437' title='bbox 682 2408 790 2438; x_wconf 69' lang='lat' dir='ltr'>sinistro</span> <span class='ocrx_word' id='word_1_438' title='bbox 805 2408 964 2440; x_wconf 60' lang='lat' dir='ltr'>vernaculo</span> <span class='ocrx_word' id='word_1_439' title='bbox 980 2408 1111 2448; x_wconf 72' lang='lat' dir='ltr'>protrusa</span> <span class='ocrx_word' id='word_1_440' title='bbox 1125 2429 1134 2446; x_wconf 83' lang='lat'>‚</span> <span class='ocrx_word' id='word_1_441' title='bbox 1160 2418 1216 2440; x_wconf 85' lang='lat' dir='ltr'>uno</span> <span class='ocrx_word' id='word_1_442' title='bbox 1230 2409 1288 2439; x_wconf 49' lang='lat' dir='ltr'>ictu</span> <span class='ocrx_word' id='word_1_443' title='bbox 1311 2410 1486 2448; x_wconf 77' lang='lat' dir='ltr'>promoveri.</span> 
     </span>
    </p>
   </div>
  </div>
 </body>
</html>
