2003 2748
327 182 409 222 208
563 176 596 216 L
624 174 647 215 Ῑ
676 175 718 215 B.
762 173 865 215 III.
930 173 1273 215 CIRCUITUS
1323 173 1672 216 SANGUINIS.

326 272 555 322 gravidarum
577 273 735 309 varices:
769 270 855 333 higc
884 270 1067 308 oedemata
1095 270 1312 314 hominum,
1346 272 1407 320 qui
1433 272 1552 309 minus
1575 270 1732 314 adsueti,
1756 278 1816 310 aut
1837 273 1917 313 diuss

325 334 395 370 tius
416 331 540 368 stando
575 329 699 368 officio
733 330 958 379 funguntur,
986 338 1047 368 aut
1071 331 1237 379 pendulis
1264 332 1427 368 cruribus
1457 342 1564 368 curru
1596 330 1776 369 vehuntur
1788 344 1804 377 ;Δ
1829 332 1917 371 hinc

323 392 434 428 nimia
460 402 726 439 nonnunquam
757 390 935 427 infantum
961 391 1075 438 capita
1104 392 1166 437 (z
1188 391 1217 438 ).
1283 389 1327 427 Et
1356 390 1489 426 varices
1532 389 1679 438 quidem
1710 402 1729 427 a
1767 389 1916 429 valvulis

324 451 456 486 iterum
484 449 697 492 nascuntur,
728 450 766 485 in
787 461 873 498 quas
904 449 1066 486 relabens
1088 449 1227 496 sanguis
1245 451 1344 486 v'enae
1374 450 1525 498 parietes
1560 448 1761 486 extrorsum
1793 458 1913 497 urget,

324 510 433 545 etiam
459 511 594 556 magis,
629 507 654 545 si
675 508 922 546 musculorum
940 509 1030 545 aelio
1057 507 1254 552 accell'crit,
1286 520 1364 558 qux
1389 508 1621 557 sanguinem,
1651 520 1696 545 ex
1723 508 1917 559 conpressis

326 569 447 610 venis,
479 569 517 604 in
550 580 671 605 earum
701 566 795 606 finus
830 570 962 616 premit
990 568 1076 614 (ιι).

414 626 578 664 Multum
607 635 729 664 tamen
755 626 814 664 hic
835 626 982 664 valvulae
1013 625 1182 675 prosunt,
1212 628 1248 664 δε
1269 626 1426 675 pericula
1447 626 1614 676 relapsuri
1640 625 1821 675 sanguinis
1846 629 1918 665 mi->

323 693 443 725 nuunt
464 684 554 734 (h).
623 686 660 723 Si
691 687 787 723 enim
805 713 814 728 ,
843 685 1074 735 simplicitatis
1104 688 1238 734 gratia,
1264 687 1414 723 unicum
1448 698 1510 734 par
1535 685 1756 724 valvularum
1787 686 1916 737 posue-

321 747 389 786 ris,
425 746 461 782 δε
492 745 702 783 columnam
738 744 959 794 superiorem
992 746 1124 782 dixeris
1156 758 1241 782 eum
1276 745 1508 793 fiznguinem,
1540 747 1603 795 qui
1632 747 1668 782 in
1698 758 1780 783 cava
1811 758 1913 790 vena,

321 806 433 854 inque
453 812 584 843 trunco
603 804 790 842 valvulosae
808 817 906 842 venae
921 833 930 847 ‚
959 804 1060 854 supra
1085 804 1121 841 id
1147 804 1318 842 ostiolum
1337 805 1385 842 est
1402 817 1409 841 ε
1445 805 1651 842 inferiorem
1672 818 1757 842 vero
1774 803 1916 843 colum-

322 877 406 901 nam
435 876 513 901 eam
545 865 729 901 vocaveris
749 892 758 907 ‚
789 875 867 912 quae
894 863 984 900 infra
1007 864 1226 901 valvularum
1249 865 1378 912 jugum
1396 864 1464 900 est:
1502 867 1625 913 utique
1649 873 1757 906 tunc,
1792 864 1816 901 fi
1845 864 1916 902 val-

323 923 415 961 vulae
441 923 547 982 nullffi
565 923 708 965 forent,
744 923 915 960 columna
941 923 1102 972 superior
1130 930 1211 960 toto
1240 923 1403 971 pondere
1434 931 1559 961 contra
1586 923 1794 960 inferiorem
1824 925 1917 961 nite·

320 991 444 1025 retur,
481 995 632 1031 eamque
667 984 773 1020 etiam
804 994 823 1019 a
856 984 1007 1031 proprio
1033 982 1196 1032 pondere
1227 983 1468 1024 relabentem,
1500 984 1535 1019 δε
1570 982 1734 1020 debiliter
1757 983 1800 1020 ab
1826 990 1917 1020 arte-

320 1041 417 1080 rioso
442 1041 614 1090 sanguine
643 1043 682 1078 in
708 1041 860 1091 pedibus
886 1042 1018 1078 lentius
1047 1049 1152 1079 moto
1180 1041 1408 1090 propulsam,
1439 1043 1593 1079 omnino
1615 1041 1716 1079 facile
1734 1048 1916 1091 retroage«

320 1108 397 1143 ret,
428 1108 468 1138 ut
504 1103 543 1138 in
570 1101 680 1150 pedes
716 1100 869 1138 venosus
905 1113 1013 1139 cruor
1046 1101 1302 1148 colligeretur,
1335 1113 1455 1150 neque
1484 1099 1598 1149 poffet
1623 1101 1667 1138 ad
1692 1113 1756 1139 cor
1786 1101 1920 1139 redire0'

320 1160 456 1204 Nunc,
487 1167 676 1209 utcunque
700 1172 718 1197 a
741 1161 980 1209 gravitatione
1003 1160 1062 1198 sua
1087 1160 1247 1211 superior
1273 1160 1445 1197 columna
1473 1160 1641 1199 deorsum
1673 1168 1911 1209 retroagatur,

320 1226 441 1257 tamen
471 1232 489 1256 a
523 1219 673 1257 valvulis
703 1219 919 1262 sustinetur,
967 1232 1023 1257 eas
1070 1219 1257 1261 distendit,
1299 1231 1391 1268 aque
1427 1232 1547 1257 earum
1590 1220 1724 1257 robore
1764 1222 1914 1268 geritur,

320 1290 525 1327 venamque
551 1277 712 1328 expanfis
739 1278 956 1316 ostiolorum
992 1278 1079 1316 velis
1114 1278 1255 1316 claudit.
1320 1277 1372 1316 Ita
1398 1277 1459 1321 fit,
1498 1286 1539 1316 ut
1570 1285 1690 1316 totum
1718 1278 1824 1326 hujus
1861 1279 1917 1317 su-

320 1339 473 1388 perioris
498 1337 679 1375 columnae
716 1337 862 1386 pondus
889 1336 980 1374 nihil
1009 1337 1207 1387 quidquam
1238 1336 1401 1374 inferiori
1442 1336 1622 1375 colnmnae
1646 1337 1756 1380 obsit,
1795 1350 1916 1387 neque

320 1409 399 1435 eam
429 1404 627 1445 retroagat:
663 1397 698 1433 δι
721 1397 936 1446 plerumque
955 1397 1071 1434 brevis
1083 1408 1185 1434 mora
1207 1397 1255 1433 est
1270 1425 1279 1439 ‚
1307 1396 1426 1433 donec
1446 1396 1608 1439 musculi,
1627 1396 1810 1434 valvuloso
1823 1398 1917 1445 jugo

320 1458 442 1498 vicini,
463 1457 500 1492 in
525 1464 666 1493 mutato
702 1456 850 1493 femoris
881 1455 947 1493 situ
978 1463 1145 1504 agentes,
1179 1455 1388 1493 columnam
1417 1454 1638 1504 superiorem
1662 1455 1798 1493 sursum
1831 1468 1917 1505 pro-

318 1525 513 1557 moveant,
544 1514 712 1565 finusque
743 1515 946 1553 valvulosos
973 1522 1169 1558 evacuent,
1202 1516 1370 1564 viamque
1397 1526 1464 1564 pro
1495 1514 1592 1552 unda
1618 1515 1780 1552 inferiori
1806 1515 1917 1554 libera

319 1575 514 1613 restituant.
1456 1551 1506 1594 ο

393 1634 592 1683 Aliquanto
619 1645 707 1671 vero
735 1632 872 1671 facilius
898 1633 934 1671 id
961 1632 1124 1672 officium
1151 1646 1170 1671 a
1192 1632 1341 1671 valvulis
1364 1633 1564 1682 praestatur,
1602 1633 1704 1682 quod
1734 1645 1811 1670 non
1836 1633 1918 1671 um}

318 1705 405 1731 cum
436 1705 578 1735 earum,
612 1701 653 1730 ut
683 1692 799 1730 modo
824 1693 1028 1742 ponebam,
1057 1705 1119 1741 par
1141 1700 1266 1731 natura
1294 1692 1437 1734 fecerit,
1477 1692 1537 1728 sed
1562 1699 1678 1728 totam
1704 1692 1916 1730 columnam

319 1751 500 1801 sanguims
527 1752 671 1790 cruralis
699 1764 762 1800 per
791 1753 878 1801 juga
902 1752 1083 1789 valvulosa
1110 1754 1149 1789 in
1177 1751 1307 1790 multas
1336 1752 1537 1799 brevesque
1570 1749 1753 1799 cylindros
1791 1750 1917 1788 divise-

318 1812 386 1853 rit,
412 1823 490 1859 quae
521 1812 557 1848 in
592 1810 624 1847 se
655 1819 786 1848 mutuo
815 1823 893 1848 non
919 1812 1121 1859 gravitant‚
1155 1811 1211 1854 Sc,
1241 1822 1326 1848 cum
1354 1810 1450 1847 leves
1475 1808 1543 1846 fint
1573 1810 1610 1846 &
1634 1811 1795 1857 exiguae,
1831 1809 1916 1846 faci-

317 1867 386 1909 lius
412 1870 455 1907 ab
489 1870 678 1917 agentibus
711 1869 878 1906 musculis
904 1869 1042 1908 sursum
1066 1877 1243 1919 aguntur,
1278 1881 1387 1919 quam
1406 1868 1556 1918 quidem
1576 1867 1620 1906 de
1647 1870 1753 1906 unica
1780 1869 1815 1906 &
1833 1868 1918 1918 long

316 1927 453 1978 giffima
479 1929 650 1967 columna
674 1928 804 1978 sperari
830 1927 954 1979 poffet.

908 2033 940 2074 ἓ.
977 2027 1012 2067 V
1027 2027 1043 2067 I
1058 2027 1084 2067 I.
1153 2027 1195 2067 V
1191 2030 1308 2067 arices.

389 2122 433 2163 Et
461 2131 582 2161 tamen
608 2124 853 2162 diuturniores
885 2122 1014 2166 causae‚
1048 2135 1134 2173 quas
1156 2122 1295 2160 Natura
1324 2122 1478 2160 omnino
1506 2134 1584 2161 non
1617 2122 1818 2173 supposuit,
1851 2135 1911 2162 ne-

316 2195 385 2232 que
412 2185 584 2221 omnibus
614 2196 737 2222 cavere
764 2185 885 2232 potuit
902 2211 911 2225 ,
938 2182 1063 2220 senfim
1088 2182 1246 2225 faciunt,
1274 2189 1315 2220 ut
1335 2181 1477 2230 sanguis
1497 2184 1535 2220 in
1561 2182 1705 2221 finnbus
1727 2183 1914 2223 valvnlofis

314 2242 477 2290 longiori
509 2255 610 2280 mora
652 2243 839 2288 coneum,
878 2254 1055 2282 venarum
1092 2241 1254 2292 alioquin
1295 2241 1431 2281 debiles
1461 2242 1686 2281 membranas
1718 2245 1915 2286 enormiter

1776 2302 1916 2353 dilatet,

353 2396 398 2433 (2
411 2397 423 2432 ¹)
452 2396 473 2426 B
487 2408 496 2425 ι
510 2406 528 2425 n
543 2407 560 2425 ι,
575 2406 594 2425 ο
608 2406 628 2426 o
666 2398 791 2428 Exercit.
825 2398 917 2429 Anat.
946 2399 1074 2438 Chirurg.
1104 2397 1156 2433 VI.

355 2439 398 2473 (a
412 2438 423 2473 )
444 2435 608 2475 Franczscics
637 2438 658 2468 B
674 2448 691 2466 A
704 2449 724 2468 Y
738 2451 754 2468 L
770 2450 784 2469 a
816 2441 947 2477 problem.
984 2443 1029 2470 16.

354 2478 419 2513 (b)
442 2477 557 2508 Dudum
587 2477 647 2509 haec
669 2487 736 2509 nota
761 2479 833 2510 sunt.
864 2479 938 2509 Vide
956 2480 1030 2510 inter
1049 2490 1173 2520 nuperos
1201 2480 1245 2512 el.
1277 2479 1308 2512 N
1321 2491 1332 2511 1
1349 2491 1367 2512 c
1384 2490 1407 2512 n
1424 2490 1442 2511 o
1455 2491 1472 2511 ι
1487 2491 1504 2511 ι.
1518 2491 1531 2513 s
1561 2481 1702 2521 compend.
1730 2484 1811 2514 anat.
1829 2486 1912 2512 econ«

311 2528 340 2559 p.
357 2527 382 2558 3.
403 2518 515 2560 Brun
540 2521 598 2552 otiu
619 2519 732 2562 physiol.
760 2530 789 2559 p.
811 2526 859 2558 28.
893 2520 1096 2555 Bonum
1111 2532 1128 2556 v
1141 2533 1157 2555 s
1178 2522 1208 2553 in
1223 2521 1342 2556 Pralec‘l.
1372 2523 1409 2555 ad
1428 2532 1458 2555 n.
1481 2531 1548 2562 ¹33·
