2003 2748
337 188 414 231 ,μ
830 173 1090 220 Luam.
1156 172 1382 221 vAsA.

331 281 410 312 tum
437 271 534 311 fuiffe
562 271 580 318 <
593 270 666 316 d>z
703 270 741 313 &¹
756 282 885 319 aquam
898 271 998 315 *inter
1020 275 1166 314 cutem,
1201 279 1281 319 quae
1299 276 1399 309 totos
1424 275 1519 313 artus
1545 270 1764 315 monstrifice
1790 273 1922 312 disten,
1943 272 1950 280 “

331 333 452 374 derat,
490 343 553 380 per
568 332 804 379 purgationes
827 329 958 367 validas
978 328 1153 367 subfidere
1168 357 1177 372 ,
1214 328 1439 367 notiflimum
1456 330 1513 367 est.
1551 329 1644 375 Aer,
1680 333 1743 380 qui
1767 334 1918 383 emphy-

318 392 422 429 .sema
451 390 559 432 fecit,
594 389 675 438 post
702 389 840 438 aliquot
865 389 940 426 dies
959 388 1158 431 evanescit,
1201 387 1226 425 fi
1247 400 1340 437 aeger
1365 389 1614 432 convaluerit,
1647 390 1777 438 procul
1802 391 1917 429 dubio

329 462 414 488 cum
433 449 626 498 vaporibus
651 446 828 486 cellulosae
841 448 917 486 telae
937 448 1060 486 mistus
1076 476 1085 490 ‚
1125 448 1213 484 &in
1237 449 1298 490 iis,
1338 456 1379 486 ut
1396 450 1432 485 in
1453 460 1542 497 aqua
1560 448 1649 485 solet
1663 477 1672 491 ,
1705 448 1891 488 dissolutus
1902 477 1915 494 ,-

318 521 465 558 ‚perque
491 508 629 545 easdem
650 507 797 545 venulas
826 507 1016 545 resorbtus.
1055 505 1145 556 Opii
1165 506 1298 544 solutio
1318 509 1354 544 in
1379 508 1526 545 canibus
1554 507 1616 545 sub
1641 515 1764 545 cutem
1778 509 1910 552 infusa,

326 567 634 604 vehementiffima
661 566 900 617 symptomata
929 567 1120 609 excitavit,
1160 566 1437 610 convuffiones,
1475 567 1668 615 soporem,
1719 568 1755 604 &
1789 580 1916 606 canem

326 627 485 676 denique
502 655 512 669 ‚
548 639 632 664 cum
657 628 768 664 totius
794 628 958 675 corporis
980 627 1103 674 rigore
1118 654 1128 668 ,
1164 628 1325 663 enecavit
1352 626 1443 673 (e).

386 685 537 723 Tunicae
564 686 735 734 vaginalis
757 697 862 723 cavea
888 686 932 723 de
949 686 1072 723 natura
1088 684 1254 723 cellulosa
1282 685 1340 722 est.
1374 684 1428 723 Ex
1447 697 1486 722 ea
1503 697 1593 734 aqua
1619 698 1682 735 per
1705 698 1834 729 venaS‚
1872 693 1916 724 ut

321 746 364 782 in
390 745 478 783 alios
502 752 667 787 ventres,
693 744 825 783 inhalat
852 747 869 792 (
879 742 945 793 f).

756 866 788 908 ς.
823 862 864 901 Χ
884 861 925 901 X
943 861 959 900 I
979 861 994 900 Ι
1014 862 1039 900 Ι.
1105 857 1168 899 Ex
1191 865 1330 910 magnis
1355 866 1482 902 caveis.

383 982 569 1033 Vaporem
601 985 640 1020 in
667 983 821 1030 majores
846 983 882 1019 &
915 983 1075 1019 minores
1108 982 1273 1030 corporis
1300 980 1449 1019 humani
1475 993 1597 1020 caveas
1621 980 1773 1021 effusum
1800 982 1918 1022 reson-2

320 1041 420 1094 beri,
455 1055 592 1092 perque
618 1055 724 1079 venas
745 1044 782 1079 in
807 1042 1020 1089 sanguinem
1046 1041 1184 1083 redire,
1219 1040 1290 1088 ipsa
1307 1068 1316 1082 ,
1358 1041 1489 1090 absque
1516 1043 1789 1091 experimento,
1819 1045 1918 1081 ratio

320 1101 452 1139 suadet.
500 1101 536 1138 Si
564 1104 661 1138 enim
690 1113 754 1150 per
778 1102 919 1138 arterias
945 1110 1122 1149 perpetuo
1149 1099 1285 1148 aliquid
1310 1100 1450 1138 exhalat
1475 1102 1579 1148 (g),
1616 1110 1656 1139 ut
1675 1101 1809 1139 lentam
1832 1114 1916 1140 eamr

320 1160 589 1199 exhalationem
604 1162 730 1203 facias,
763 1167 882 1198 tamen
901 1166 996 1196 tanta
1012 1159 1127 1196 moles
1148 1158 1318 1208 paulatim
1339 1159 1417 1202 fiet,
1455 1167 1495 1198 ut
1516 1160 1647 1198 animal
1671 1162 1820 1203 obruat,
1857 1162 1916 1198 ni-

318 1219 345 1256 fi
366 1222 420 1258 via
441 1219 502 1263 fit,
538 1232 601 1269 per
629 1231 739 1269 quam
761 1220 805 1257 de
833 1221 875 1256 iis
897 1220 1012 1255 caveis
1034 1225 1145 1259 exeat.
1181 1217 1326 1256 Deinde
1351 1230 1429 1255 non
1458 1219 1594 1257 lentam
1619 1219 1686 1257 effe
1713 1220 1916 1259 exhalatio-

318 1291 406 1316 nem
435 1279 491 1315 vel
517 1279 588 1327 ipsa
619 1279 805 1321 celeritas,
842 1279 950 1315 nimis
981 1277 1090 1314 invisa
1116 1276 1374 1319 medentibus,
1415 1279 1572 1320 evincit,
1607 1291 1676 1328 qua
1701 1278 1917 1329 hydropica&

317 1349 420 1387 aquae
446 1349 510 1386 per
537 1338 763 1375 vehementia
788 1337 1052 1374 medicamenta
1073 1337 1262 1385 purgantia
1285 1335 1461 1374 exhaustae
1483 1345 1703 1386 reparantur.

379 1396 519 1434 Verum
541 1397 605 1434 alia
628 1398 874 1446 experimenta
898 1395 979 1433 sunt
993 1422 1002 1437 ,
1040 1407 1118 1444 quae
1138 1395 1401 1432 reforbtionem
1419 1392 1617 1435 naturalem
1632 1425 1642 1440 ‚
1679 1408 1830 1447 eamque
1848 1409 1916 1435 exa

317 1456 499 1505 peditam,
539 1457 574 1493 δε
604 1455 766 1493 velocem
784 1483 793 1498 ,
832 1454 1088 1492 demonstrant.
1132 1453 1331 1502 Copiosam
1358 1466 1485 1503 aquam
1510 1457 1548 1491 in
1569 1457 1642 1493 vivi
1668 1458 1763 1493 canis
1789 1457 1912 1494 thora-

315 1527 397 1552 cem
423 1513 553 1564 inpulit
577 1515 628 1553 Cl.
656 1514 699 1552 M
715 1527 734 1551 u
749 1527 763 1551 s
775 1526 800 1551 o
814 1527 837 1551 R
849 1526 871 1550 A
885 1526 907 1551 v
924 1525 942 1550 i:
962 1514 981 1560 (
999 1512 1022 1550 h
1039 1514 1058 1559 )
1075 1541 1083 1556 ,
1117 1515 1262 1550 evanuit
1285 1513 1408 1550 eadem
1423 1542 1432 1557 ,
1463 1514 1652 1563 postquam
1665 1515 1827 1564 spiritum
1841 1516 1913 1553 dif-

316 1572 448 1612 ficilem
471 1575 609 1611 fecerat.
647 1573 689 1611 In
708 1574 891 1611 abdomen
912 1573 1009 1609 canis
1034 1570 1217 1609 Antonius*
1236 1572 1273 1609 N
1288 1585 1307 1608 u
1323 1584 1342 1609 c
1359 1584 1384 1608 K
1413 1571 1426 1613 (
1444 1574 1458 1609 i
1475 1574 1512 1620 )‚
1550 1572 1581 1622 J.
1609 1574 1807 1612 thdovicus
1833 1574 1859 1612 P
1873 1587 1911 1612 E-

314 1644 342 1669 τ
358 1646 370 1670 1
384 1646 408 1670 T
429 1632 520 1683 [k]
540 1634 574 1670 δι
593 1645 708 1682 nuper
721 1632 775 1670 Cl.
794 1631 827 1671 K
839 1645 860 1669 a
875 1644 894 1669 A
910 1643 933 1669 z
946 1643 965 1668 E
979 1643 1002 1668 N
1017 1644 1030 1668 s
1043 1643 1066 1668 T
1080 1644 1100 1668 E
1114 1643 1126 1667 1
1142 1643 1167 1668 N
1187 1626 1254 1679 [l]
1272 1630 1473 1669 Hafnienfis
1487 1632 1662 1681 professor
1674 1661 1683 1676 ‚
1702 1646 1830 1683 aquam
1852 1635 1910 1671 in-

315 1691 487 1739 jecerunt:
514 1693 588 1739 ejus
600 1692 643 1730 ad
655 1693 714 1730 sex
729 1692 839 1740 usque
852 1693 973 1730 uncias
989 1690 1069 1739 post
1084 1689 1223 1739 aliquot
1233 1690 1338 1729 horas
1350 1690 1524 1728 resorbtas
1537 1691 1714 1729 evanuiffe
1725 1692 1907 1737 viderunt,

313 1761 379 1800 per
392 1751 523 1789 lotium
542 1752 705 1800 inprimis
720 1780 728 1793 ‚
756 1751 857 1798 cujus
880 1751 984 1800 copia
1000 1761 1128 1799 aquam
1144 1750 1308 1796 injectam
1325 1762 1402 1787 eam
1414 1752 1509 1787 viam
1526 1750 1675 1789 tenuisse
1692 1751 1907 1790 ostenderat.

378 1810 502 1848 Artem
533 1818 657 1847 natura
676 1811 860 1846 imitatur:
898 1811 934 1846 &
961 1821 1028 1857 pus
1052 1811 1090 1845 in
1117 1808 1300 1847 abdomen
1319 1837 1327 1851 ‚
1367 1810 1478 1858 inque
1506 1810 1629 1859 pectus
1659 1809 1833 1854 effusum,
1869 1812 1908 1848 δε

314 1881 416 1919 aquae
430 1868 639 1919 hydropicae
652 1868 857 1906 abdominis
877 1867 1092 1906 evanescunt
1107 1895 1115 1909 ,
1144 1867 1198 1905 hae
1219 1868 1367 1916 quidem
1380 1895 1389 1909 ,
1421 1880 1496 1905 non
1511 1870 1704 1916 ignorante
1715 1871 1787 1916 jam
1808 1870 1908 1908 Caelio

313 1929 381 1966 Au
396 1942 417 1966 a
432 1940 452 1965 E
465 1941 486 1965 ι.
503 1940 515 1965 1
533 1938 592 1965 AN
608 1940 630 1965 ο
659 1928 676 1974 (
694 1940 727 1964 m
745 1928 760 1973 >
776 1956 784 1969 ,
820 1939 884 1976 per
908 1926 1072 1963 intestina
1085 1953 1094 1968 ,
1135 1937 1271 1975 perque
1296 1925 1457 1964 vesicam.

373 1987 472 2026 Hinc
495 1987 567 2024 mel
593 1987 793 2024 resorbtum
809 2013 818 2028 ‚
866 1986 901 2022 δι
933 1987 1058 2022 vinum
1091 1986 1129 2021 in
1154 1984 1310 2023 thoracis
1335 1997 1479 2023 caveam
1512 1986 1682 2034 injectum
1700 2014 1708 2028 ‚
1750 1998 1814 2035 per
1835 1986 1906 2024 tus-

313 2047 378 2085 sim
399 2047 562 2085 redditur
587 2047 608 2093 (
628 2059 651 2082 n
673 2043 699 2096 )
740 2043 838 2083 Hinc
859 2044 969 2083 mulsa
995 2045 1033 2081 in
1063 2055 1140 2081 eam
1164 2046 1353 2083 cavitatem
1379 2044 1528 2094 impulsa
1544 2073 1554 2088 ,
1593 2057 1659 2095 per
1681 2057 1722 2083 os
1750 2045 1906 2083 exscrea-

1847 2112 1907 2144 tur

353 2214 434 2250 (d)
457 2213 474 2243 S
488 2222 501 2241 i>
516 2221 560 2241 IN
576 2221 649 2241 nLr.
663 2221 679 2240 R
699 2209 751 2250 olfi
772 2212 819 2247 82.
1177 2211 1255 2248 (ἑ)
1278 2210 1447 2248 Sialograph.
1474 2208 1508 2241 C.
1534 2208 1569 2240 11.
1596 2220 1624 2250 p.
1651 2219 1697 2248 27.

354 2253 429 2290 (ε)
451 2251 499 2283 Lo
516 2262 536 2281 R
549 2263 564 2281 R
579 2262 597 2281 Y
641 2253 716 2291 apud
750 2252 773 2280 V
786 2263 805 2282 A
818 2255 1081 2282 Nounmonn'u
1176 2253 1189 2289 (
1206 2253 1222 2280 k
1241 2253 1254 2288 )
1280 2250 1380 2281 Traite'
1392 2252 1438 2280 des
1451 2253 1642 2282 maladiesdes
1654 2261 1681 2281 ος
1695 2252 1729 2283 Τ.
1750 2251 1772 2282 ῐ.
1788 2261 1815 2290 p.
1834 2253 1904 2291 3531

313 2298 416 2332 Βἰ’ωινη.
438 2295 470 2322 de
491 2293 607 2323 Medec.
639 2297 722 2327 ¹756-
749 2302 775 2321 n.
802 2303 826 2322 1.
1176 2293 1190 2329 (
1210 2293 1252 2328 l)
1277 2294 1320 2321 De
1343 2293 1450 2321 dizbete
1467 2294 1538 2329 Exp.
1566 2293 1584 2323 l.

354 2337 367 2369 (
388 2334 432 2370 f)
456 2333 487 2363 ld
513 2333 561 2362 suo
587 2332 653 2362 loco
677 2334 870 2368 ostendetur,
904 2334 1019 2370 qnando
1044 2334 1079 2366 de
1173 2333 1251 2369 (m)
1274 2332 1436 2364 Chronicor.
1466 2332 1496 2363 L.
1527 2333 1560 2363 V.
1589 2344 1614 2365 c.
1641 2343 1685 2364 xo.

312 2376 438 2415 partibus
463 2374 589 2403 virorum
618 2373 787 2410 genitalibus
813 2374 904 2403 sermo
917 2374 977 2404 erit.
1173 2374 1185 2409 (
1203 2384 1223 2403 n
1239 2374 1251 2410 )
1275 2373 1303 2402 M
1319 2384 1333 2402 Ε
1347 2382 1363 2402 Ζ
1377 2383 1395 2403 o
1409 2384 1424 2403 t
1438 2384 1456 2404 R
1488 2375 1517 2405 in
1546 2372 1613 2414 disp.
1647 2376 1680 2404 de
1697 2372 1853 2414 fiznguinis
1870 2373 1904 2404 in

353 2416 429 2453 (g)
452 2414 525 2443 Se&
552 2413 573 2442 1.
603 2423 630 2449 p.
660 2423 723 2449 103.
748 2413 823 2452 seqq.
1131 2416 1268 2445 c1'rculum
1291 2419 1371 2444 motu
1402 2425 1429 2454 p.
1458 2425 1503 2453 15.

353 2457 430 2494 (h)
455 2452 555 2492 philos.
589 2451 735 2492 Tranfiid'l
756 2463 784 2485 n
812 2463 881 2489 240.
