2003 2748
311 148 529 189 SECT.
577 145 689 190 III.
758 148 1375 192 CORDISFABRICA.
1567 158 1644 199 367

41 244 129 295 septi
152 243 302 284 tendere
325 246 544 297 inquirendo
572 248 698 297 reperi.
734 246 786 285 Ita
812 259 931 297 neque
957 244 1009 285 Ill.
1047 247 1101 285 Se
1116 259 1141 285 N
1160 259 1182 284 A
1196 260 1217 285 c
1231 259 1253 285 u
1269 261 1283 285 s
1314 246 1395 298 (t)
1420 245 1491 285 lios
1508 257 1643 286 nervos

38 304 275 343 confirmavit.

370 419 401 460 §.
438 414 478 452 X
494 414 535 453 X
550 413 601 453 X.
673 415 794 452 Cordis
814 414 974 453 Arteriae.
1013 414 1148 452 Earum
1174 414 1294 463 Origo.
1380 422 1408 432 *‘

98 524 327 562 Arteriarum
357 523 454 560 cordi
474 525 709 570 propriarum
739 523 810 561 five
835 526 1105 560 coronariarum
1129 524 1247 562 multo
1263 553 1271 567 ‚
1306 537 1416 574 quam
1440 538 1638 565 nervorum

39 583 177 622 facilior
195 584 243 620 est
272 582 439 624 historia,
485 581 547 619 etfi
582 584 733 619 minime
754 584 885 632 absque
914 582 1166 621 controversiis
1192 585 1250 620 est.
1287 582 1330 622 Et
1355 587 1473 633 primo
1502 586 1545 623 de
1567 588 1639 624 ori-

39 644 125 691 gine
154 642 340 690 plurimae,
376 642 412 678 &
434 641 692 690 phyfiologicae
713 645 869 680 omnino
889 643 970 680 lites
997 645 1136 692 agitatae
1162 643 1251 680 sunt.
1288 643 1428 681 Verum
1458 657 1529 693 ego
1558 648 1638 694 qui-

38 701 122 738 dem
149 701 352 738 constanter
377 701 413 737 &
442 701 586 739 abunde
610 714 688 739 eam
712 704 893 751 originem
914 702 1079 740 altiorem
1097 732 1105 745 ‚
1130 701 1199 740 five
1227 715 1245 740 a
1270 704 1382 740 corde
1399 706 1636 742 remotiorem

36 762 178 809 reperio
198 789 206 803 ‚
248 772 357 809 quam
377 759 472 798 finus
507 761 556 798 est
580 761 728 799 valvulae
747 764 935 799 anterioris
960 763 997 799 ὃς
1025 763 1233 811 posterioris
1260 763 1311 810 (t
1330 762 1343 811 )
1361 792 1369 806 ‚
1403 766 1438 800 in
1457 776 1531 812 quo
1558 764 1636 803 {inu

37 819 96 857 alii
121 818 176 857 Cl.
209 822 274 857 viri
303 831 359 857 eas
382 821 523 857 arterias
547 822 648 858 aiunt
676 822 771 858 oriri.
818 821 984 859 plurimis
1000 834 1100 859 nunc
1119 824 1374 871 experimentis
1397 823 1472 860 haec
1491 824 1638 861 abunde

37 878 247 917 confirmata
274 879 391 916 habeo
407 907 416 922 ,
470 887 510 917 ut
536 892 580 917 eo
606 879 850 931 confidentius
879 881 913 917 Sc
939 892 1060 917 veram
1094 880 1186 918 hanc
1209 881 1327 927 legem
1355 882 1391 918 δι
1423 888 1635 930 perpetuam

37 937 104 976 effe
135 938 292 976 statuam.
329 938 426 976 Nam
449 940 569 988 primo
594 941 631 976 in
658 939 829 978 cadavere
853 952 929 976 non
956 939 1058 976 facile
1087 940 1136 976 est
1152 968 1161 983 ‚
1201 940 1425 978 valvulosum
1449 940 1571 978 velum
1586 943 1636 980 ita.

39 997 254 1041 extendere,
276 1004 317 1036 ut
337 999 545 1036 arteriarum
561 1000 832 1037 coronariarum
843 1001 1024 1048 originem
1041 1006 1220 1048 protegat,
1246 999 1344 1037 unde
1357 999 1488 1040 factum
1504 1001 1573 1043 est,
1593 1010 1634 1039 ut

35 1058 80 1096 ab
101 1059 249 1106 optimis
274 1057 527 1106 scriptoribus,
565 1059 601 1095 &
619 1059 656 1095 in
679 1060 785 1096 icone
813 1060 889 1105 (u)
904 1087 913 1101 ‚
939 1059 974 1095 &
1002 1059 1038 1095 in
1058 1058 1317 1107 descriptione,
1339 1061 1445 1096 etiam
1469 1059 1633 1098 confide-

35 1118 119 1155 ratis
142 1119 328 1154 contrariis
348 1118 590 1165 argumentis,
625 1117 701 1155 haec
723 1119 830 1166 origo
852 1117 954 1167 supra
981 1130 1042 1155 eos
1063 1117 1156 1155 finus
1177 1124 1342 1167 ponatur.
1379 1118 1420 1156 In
1447 1120 1532 1157 vivo
1556 1121 1631 1160 ani-

34 1175 129 1213 male
147 1188 192 1212 eo
209 1178 328 1213 minus
347 1175 502 1214 valvulas
519 1189 558 1214 ea
577 1177 664 1214 ostia
678 1177 865 1226 adtingere
880 1206 889 1219 ‚
917 1184 977 1214 aut
998 1177 1163 1214 claudere
1179 1206 1188 1220 ,
1212 1177 1399 1226 probabile
1424 1178 1472 1214 est
1485 1207 1493 1220 ,
1527 1178 1631 1228 quod

34 1236 74 1272 in
95 1236 137 1272 iis
156 1235 368 1272 animalibus
399 1236 630 1273 manifestum
655 1235 722 1279 fit,
762 1238 796 1274 δε
825 1243 962 1273 aortam
978 1264 987 1279 ,
1029 1237 1065 1272 &
1092 1236 1173 1273 alias
1198 1238 1360 1278 arterias,
1400 1236 1488 1274 dum
1513 1249 1532 1274 a
1553 1237 1631 1275 sane

34 1296 148 1343 guine
163 1294 347 1344 replentur
364 1324 374 1338 ,
408 1295 596 1344 longiores
617 1295 720 1333 reddi
745 1295 801 1343 (x
817 1296 835 1343 )
854 1324 863 1338 ‚
897 1303 1004 1345 atque
1025 1294 1116 1333 adeo
1140 1295 1295 1333 valvulas
1318 1308 1363 1333 eo
1383 1298 1505 1334 minus
1522 1308 1630 1334 coro-

34 1356 132 1392 naria
153 1354 271 1392 oscula
291 1362 483 1404 protegere
500 1383 508 1397 ‚
549 1355 660 1404 quod·
681 1367 720 1392 ea
740 1357 776 1392 in
799 1355 918 1393 cordis
948 1354 1097 1404 systole,
1134 1368 1203 1393 una
1227 1368 1310 1393 cum
1339 1363 1460 1398 aona,
1506 1369 1525 1393 a
1548 1368 1629 1393 cor-

36 1412 82 1450 de
97 1413 267 1451 recedant
284 1426 294 1460 3
322 1426 386 1451 cor
404 1415 636 1451 verointerea
652 1414 825 1457 valvulas,
861 1427 946 1463 quas
968 1414 1157 1463 producit,
1177 1416 1332 1452 omnino
1355 1417 1505 1452 retineat
1528 1418 1579 1463 (y
1597 1415 1623 1465 )

35 1471 207 1516 Deinde,
254 1485 340 1510 cum
357 1472 483 1510 callosa
512 1473 604 1511 linea
630 1473 706 1510 alba
740 1474 830 1522 (z)
860 1473 1079 1523 superiorem
1111 1473 1221 1510 finem
1249 1473 1343 1511 finus
1373 1474 1593 1513 valvularum
1614 1504 1624 1518 ,

36 1539 231 1581 totumque
249 1544 311 1581 per
334 1540 469 1570 aortam
488 1531 652 1570 arteriam
670 1533 845 1571 circulum
863 1535 1077 1575 circumeat,
1110 1545 1222 1582 eaque
1238 1533 1329 1570 linea
1350 1535 1384 1570 in
1401 1533 1524 1571 senum
1547 1546 1628 1571 cor-

35 1592 186 1640 poribus
210 1591 430 1630 manifestior
452 1591 517 1635 fit,
555 1593 590 1630 &
612 1592 761 1630 denium
788 1592 917 1642 procul
951 1593 1065 1630 dubio
1094 1605 1112 1629 a
1138 1593 1375 1630 confric‘tione
1404 1605 1475 1631 orae
1508 1593 1628 1632 liberae

35 1648 259 1689 valvularum
279 1652 461 1694 nascatur,
503 1664 589 1701 quas
611 1660 736 1690 contra
755 1659 863 1690 aortae
888 1654 1059 1701 parietem
1086 1651 1227 1701 sanguis
1254 1664 1299 1696 ex
1323 1653 1433 1690 corde
1459 1652 1627 1701 expulsus

35 1709 206 1752 advenit,
250 1712 278 1748 is
313 1711 461 1749 callosus
485 1711 611 1749 anulus
640 1713 765 1761 utique
798 1712 861 1750 sub
889 1713 986 1750 ostiis
1013 1713 1220 1750 arteriarum
1252 1714 1521 1751 coronariarum
1551 1712 1624 1755 est,

35 1769 246 1819 mediusque
271 1771 363 1808 inter
392 1771 614 1809 valvularum
647 1770 740 1809 finus
761 1772 798 1809 ὃς
824 1784 862 1809 ea
887 1771 973 1809 ostia
1003 1771 1201 1808 intercedit.
1239 1771 1393 1814 lterum,
1425 1771 1450 1810 fi
1480 1771 1628 1809 valvula:

38 1835 147 1866 aortae
166 1831 307 1867 arterias
333 1830 452 1867 cordis
481 1832 643 1880 proprias
667 1837 858 1880 tegerent,
894 1830 1099 1880 sequeretur
1114 1829 1323 1874 necessario,
1361 1839 1399 1869 ut
1422 1830 1475 1868 hae
1494 1832 1628 1868 arteriae

30 1885 105 1928 alio
121 1916 130 1933 ‚
166 1901 276 1942 quam
304 1889 450 1940 reliquae
482 1891 592 1934 totius
621 1891 786 1939 corporis
808 1891 969 1933 animalis
989 1891 1147 1937 arteriae,
1180 1897 1345 1942 tempore
1362 1890 1464 1928 suum
1488 1889 1630 1938 sangui-

1544 1960 1631 1987 nem

77 2001 90 2037 (
112 2013 124 2032 s
144 2004 157 2040 )
180 2004 212 2034 ln
234 2014 320 2042 opere
341 2005 374 2034 de
401 2006 492 2036 corde.

75 2044 88 2077 (
111 2050 124 2072 t
145 2045 157 2080 )
181 2045 318 2076 Dextram
344 2048 371 2076 δι
396 2046 530 2076 sinistram
546 2053 677 2076 numerat
695 2046 726 2077 M
739 2057 757 2076 ο
771 2056 792 2076 R
805 2057 822 2076 G
838 2056 855 2076 Α
869 2057 949 2077 ortu
963 2058 975 2078 s
1000 2046 1082 2085 Epist.
1100 2047 1165 2077 XV.
1192 2056 1220 2076 n,
1235 2051 1259 2081 8.
1290 2045 1443 2084 obliquitas
1465 2052 1561 2077 autem
1583 2045 1632 2078 ali-

76 2094 90 2113 a
114 2085 200 2120 facit,
223 2094 254 2116 ut
280 2097 339 2117 non
360 2087 444 2117 valde
464 2097 478 2117 a
504 2087 603 2117 nostris
620 2087 773 2118 dissentiat.
797 2088 817 2118 V
830 2098 844 2117 E
857 2098 868 2117 s
883 2098 902 2118 A
915 2099 930 2117 ι,
946 2098 987 2118 ru
1000 2098 1011 2118 s
1029 2088 1213 2126 posteriorem
1231 2089 1257 2117 Sc
1278 2087 1406 2117 dextram
1424 2089 1440 2117 1.
1471 2097 1496 2118 c.
1513 2097 1539 2126 p.
1560 2086 1628 2125 486.

76 2124 472 2163 (u)EUSTAcH1US
499 2129 557 2158 tab.
589 2132 633 2159 16.
661 2128 679 2159 f.
705 2139 729 2158 r.
754 2129 771 2159 S
788 2139 904 2159 zuAc
931 2130 990 2161 tab.
1020 2139 1064 2167 13.
1088 2129 1107 2161 f.
1140 2139 1165 2158 1.
1197 2138 1223 2159 2.
1253 2128 1378 2158 TRJ—:w
1403 2129 1555 2164 Conmzerc.
1573 2130 1630 2159 Lit.

36 2168 135 2200 Noric.
166 2178 251 2207 1737.
282 2169 362 2199 hebd.

76 2208 153 2244 (x)
175 2209 198 2245 J.
234 2210 266 2240 D.
292 2211 339 2240 SA
360 2219 587 2242 NTonxnus
608 2208 804 2249 olvfirvmnat.
822 2222 844 2241 c.
874 2216 900 2245 Β.
925 2220 952 2240 n.
977 2214 1005 2242 6.
1026 2210 1049 2247 J.
1075 2210 1133 2240 Ad.
1155 2209 1213 2240 ΤΗ
1231 2219 1410 2241 ειη-ειυς
1432 2211 1449 2240 l.
1476 2221 1502 2247 Vc.
1531 2221 1548 2249 p
1583 2219 1630 2248 23,

43 2248 69 2285 J.
96 2249 264 2280 Wilhelmus
285 2252 305 2280 A
324 2262 339 2280 L
352 2263 366 2281 n
380 2262 397 2281 R
411 2262 424 2281 E
439 2262 456 2282 c
470 2261 490 2280 Η
504 2261 525 2280 τ
557 2253 585 2282 in
602 2251 732 2290 parangss
752 2254 789 2280 ad
812 2250 943 2290 distentet
963 2251 1001 2287 ἓξ
1028 2253 1153 2280 docentes
1175 2261 1193 2289 p
1223 2261 1249 2287 7.
1284 2254 1316 2287 J.
1337 2252 1462 2289 Baptista
1490 2252 1507 2282 S
1522 2262 1536 2281 ε
1550 2262 1569 2280 N
1583 2261 1599 2280 Λ
1615 2261 1633 2280 c

32 2287 52 2319 ³.
71 2299 98 2319 c.
118 2299 146 2327 p.
162 2297 228 2325 218.
258 2293 284 2322 ἃ
310 2292 374 2329 365.
402 2292 445 2322 Ill.
474 2292 597 2324 Taaw
622 2293 637 2322 l.
670 2303 693 2323 c.
724 2292 895 2332 Plerumque
916 2293 954 2322 ita
980 2292 1007 2325 se
1031 2292 1134 2321 habere
1160 2292 1186 2320 Μ
1204 2301 1284 2322 ono
1300 2302 1314 2319 Α
1332 2303 1377 2321 GN
1394 2302 1411 2321 υ
1426 2303 1438 2322 s
1472 2294 1570 2322 auctor
1595 2292 1634 2321 est

34 2327 155 2369 Adverfi
182 2332 276 2362 Anat.
306 2333 338 2363 V.
364 2343 392 2372 p.
422 2343 467 2370 37.
500 2339 544 2371 38.
567 2333 646 2373 Epfi.
679 2334 771 2364 Anat.
804 2334 867 2365 XV.
893 2343 921 2364 n.
954 2343 997 2363 rr.
1022 2335 1048 2363 δέ
1071 2334 1256 2371 frequenter,
1282 2341 1415 2364 caeterum
1431 2334 1598 2365 dissentiens
1619 2343 1635 2362 a

16 2371 141 2413 lambis»,
169 2372 218 2402 LA
235 2383 330 2403 ucis
349 2384 415 2404 ius
442 2385 461 2414 p
491 2383 556 2411 294.
584 2385 650 2405 nov.
667 2376 701 2404 ed

77 2410 92 2487 ἓ
104 2421 128 2447 y
141 2411 157 2489 ))
178 2414 280 2442 Second
306 2415 449 2446 Memoire
461 2412 517 2455 ficr
541 2416 564 2446 le
592 2422 772 2448 mouvement
790 2417 830 2447 du
846 2427 924 2449 ‚coeur
952 2417 1022 2456 Exp.
1049 2426 1095 2454 47.
1122 2421 1169 2452 43.
1202 2418 1246 2453 56„

106 2461 124 2480 2
175 2463 205 2491 P·
229 2458 294 2492 346·
994 2460 996 2462 ’

32 2094 72 2123 qu
