2003 2748
258 166 348 207 496
786 153 1107 219 LJB.JV.
1174 155 1391 197 coRx

261 255 388 294 Minus
404 265 492 302 ergo
506 254 681 294 irritatus,
717 251 907 301 minusque
921 251 1122 295 irritabilis,
1157 253 1402 297 ventriculus,
1431 255 1625 294 rarioribus
1651 255 1844 296 intervallis
1854 269 1864 302 3

262 327 370 365 quain
394 314 545 363 quidem
573 311 749 353 auricula,
797 311 1032 349 contrahitur.
1069 311 1234 358 Quando
1271 314 1385 361 magis
1422 326 1521 352 nunc
1546 316 1582 352 δε
1611 319 1725 365 magis
1757 316 1873 366 frigus

259 374 439 413 funestum
462 374 567 409 etiam
595 383 658 408 cor
677 377 852 420 occupat,
885 383 961 408 non
984 373 1123 420 integra
1140 372 1260 409 cordis
1281 373 1502 416 contractio,
1534 373 1593 411 sed
1619 376 1871 425 palpitationes

258 435 466 481 interruptae
501 429 587 480 [y]
617 430 835 472 succedunt,
868 442 954 480 quas
991 430 1171 474 diximus,
1206 433 1242 469 δε
1274 431 1433 482 denique
1469 444 1532 470 cor
1550 441 1724 473 aeternum
1746 443 1868 480 tacet,

258 493 531 542 quamprimum
554 490 662 540 adeps
691 502 792 527 nnnc
821 489 1034 539 congelatus
1060 492 1222 540 rigorem
1253 490 1350 529 fibris
1378 492 1527 530 inducit.
1564 493 1701 532 Ultima
1742 497 1778 533 &
1808 507 1869 534 au-

258 554 305 589 ris
327 550 440 602 [z],
476 550 618 588 funesto
648 550 785 599 frigore
817 549 1007 598 languida,
1042 551 1235 600 postquam
1263 550 1390 589 frustra
1420 561 1547 590 contra
1576 553 1768 592 collectum
1795 554 1873 592 san-

258 613 410 661 guinem
430 610 557 648 luftata
580 610 648 654 est,
670 611 705 647 δε
723 609 793 659 ipsa
811 611 1008 656 emoritur3
1042 610 1177 648 ultimae
1196 617 1317 648 tamen
1332 623 1380 648 eae
1405 612 1586 660 particulae
1609 614 1753 661 vigent,
1790 626 1870 663 quae

256 673 402 720 utrique
426 682 526 708 venae
543 682 636 708 cavae
649 669 830 711 finitimae,
854 668 1065 707 noviffimos
1078 669 1260 718 sanguinis
1281 669 1404 708 venofi
1416 670 1525 708 tactus
1537 674 1731 720 patiuntur.
1768 673 1868 723 Saepe

258 739 399 773 tamen,
439 731 580 778 integra
603 730 684 779 post
707 730 868 779 quietem
892 728 1013 766 cordis
1034 728 1144 771 hora,
1177 729 1335 767 auricula
1365 729 1580 779 supervivit,
1616 731 1787 770 ultimum
1817 734 1869 771 vi-

256 803 365 832 vens,
396 789 640 839 ultimumque
660 790 697 825 in
719 789 864 826 animali
883 800 1039 838 corpore
1060 790 1221 826 moriens
1248 789 1331 837 [a].
1368 788 1412 827 In
1441 802 1531 827 vena
1558 802 1662 833 cava,
1702 793 1803 839 cujus
1829 794 1869 833 in

254 850 455 901 pulsatione
480 849 679 887 constantia
700 861 784 887 cum
808 848 965 887 auricula
991 860 1092 898 aequa
1119 848 1178 898 spe
1203 861 1368 899 pugnare
1402 848 1539 899 poffet,
1573 850 1710 888 eaedem
1739 844 1870 900 peren*-

253 911 369 948 nioris
389 916 513 948 motus
541 908 649 947 causae
671 908 752 946 sunt
774 907 867 957 (h).

316 969 475 1012 Contra,
505 968 530 1006 fi
558 967 709 1006 artificio
743 967 866 1017 aliquo
898 969 1120 1012 obtinueris,
1155 975 1196 1007 ut
1230 968 1365 1007 diutius
1386 968 1431 1007 ad
1457 968 1628 1008 sinistram
1645 982 1790 1013 aurem,
1824 970 1869 1008 fi:

254 1030 481 1078 nistrumque
516 1028 736 1071 thalamum,
774 1039 883 1077 quarn
911 1027 955 1065 ad
991 1027 1132 1066 dextras
1158 1040 1303 1071 caveas,
1340 1029 1482 1078 sanguis
1507 1031 1647 1073 veniat,
1681 1037 1771 1069 tunc
1795 1032 1866 1068 uti·-

253 1101 326 1138 que
356 1089 456 1138 prior
476 1088 552 1126 filet
575 1088 701 1125 dextra
737 1086 915 1131 auricula,
952 1088 988 1124 <Sc
1017 1087 1251 1137 privilegium
1280 1088 1517 1128 diuturnioris
1550 1091 1631 1128 vitae
1656 1090 1700 1128 ad
1716 1089 1866 1138 sinistras

254 1160 399 1191 carnes,
441 1162 510 1188 una
527 1160 612 1187 cum
633 1146 799 1190 stimulo,
821 1147 1031 1185 transfertur
1057 1149 1145 1195 (ο).

445 1263 478 1305 ς.
514 1257 556 1296 X
570 1257 605 1297 V
619 1257 644 1295 Ι.
711 1256 799 1309 Quae
828 1255 1008 1311 caztfitsz't,
1028 1269 1100 1305 quae
1124 1257 1277 1296 homines
1285 1257 1511 1308 semianimes
1522 1265 1667 1297 recreat.

314 1368 531 1418 intelligitur
551 1379 650 1406 nunc
669 1367 760 1405 ratio
776 1395 786 1410 ‚
821 1379 890 1416 qua
905 1366 1037 1416 poffint
1057 1366 1225 1405 homines
1255 1370 1355 1417 aquis
1385 1366 1576 1411 submerfi,
1610 1375 1671 1407 aut
1702 1367 1867 1419 deliquio¹

253 1430 364 1466 animi
395 1426 548 1478 oppreffi
565 1455 575 1470 ,
613 1427 658 1465 ad
686 1429 796 1464 vitam
822 1429 992 1465 revocari.
1014 1426 1299 1465 Promtissimum
1316 1428 1458 1466 videtur
1474 1439 1592 1465 aerem
1627 1430 1682 1466 ori
1715 1428 1859 1474 inflare,

254 1488 290 1524 ἃ
307 1488 342 1526 H
354 1501 376 1526 o
390 1501 413 1526 o
428 1500 451 1524 K
466 1501 477 1524 1
494 1500 506 1524 1
524 1487 616 1525 adeo
630 1487 921 1536 experimentum
945 1488 1095 1530 imitari,
1131 1493 1173 1524 ut
1188 1499 1323 1536 nuper,
1355 1499 1440 1525 cum
1467 1487 1526 1525 sua
1551 1487 1656 1526 laude
1668 1517 1677 1530 ,
1708 1489 1792 1526 fecit
1806 1487 1868 1527 Cls

252 1546 280 1585 F
294 1561 316 1585 o
331 1561 354 1585 T
367 1561 393 1586 Η
408 1559 428 1585 Ε
441 1560 463 1585 R
477 1558 501 1585 G
516 1559 527 1585 1
544 1559 564 1584 L
576 1560 607 1585 L.
630 1546 795 1596 Plerique
814 1558 901 1584 vero
917 1546 1086 1584 homines
1114 1546 1243 1584 dolore
1260 1546 1385 1596 aliquo
1402 1546 1454 1584 ufi
1481 1547 1579 1590 sunt,
1617 1560 1663 1585 ex
1679 1560 1754 1597 quo
1785 1549 1868 1585 irri-

252 1609 316 1646 tati
351 1608 454 1645 nervi
479 1605 752 1645 concuffionem
782 1608 819 1643 in
847 1606 1018 1644 nondum
1045 1607 1221 1644 emortuis
1254 1606 1423 1645 musculis
1442 1608 1588 1644 cierent.
1626 1607 1865 1646 Sternutatio÷

252 1678 340 1705 nem
367 1667 473 1705 multi
496 1669 512 1715 (
528 1666 606 1715 d),
642 1678 763 1715 neque
793 1665 1025 1716 infipienter,
1064 1672 1289 1708 moverunt,
1328 1668 1435 1704 etiam
1467 1666 1673 1716 euphorbio
1704 1667 1794 1714 (e)
1825 1668 1865 1704 in

253 1738 355 1763 nares
377 1725 502 1763 inflato
515 1752 524 1767 ,
559 1733 619 1764 aut
635 1726 759 1775 spiritu
773 1725 850 1763 salis
873 1724 953 1774 (f)
969 1727 1190 1763 ammoniaci
1210 1724 1327 1763 infuso
1340 1755 1349 1769 ‚
1380 1733 1441 1764 aut
1454 1726 1529 1764 aliis
1547 1728 1687 1766 acribus
1700 1728 1864 1776 corpori-

253 1785 319 1824 bus
334 1785 399 1832 (ἕ)
413 1787 450 1822 in
462 1797 502 1822 os
513 1785 685 1834 naresque
697 1786 794 1822 datis.
818 1784 886 1822 Alii
901 1796 1045 1823 motum
1061 1785 1317 1834 peristalticum
1331 1786 1585 1824 intestinorum
1597 1815 1606 1829 ,
1620 1787 1723 1825 fumo
1737 1798 1862 1823 accen-

251 1844 294 1883 sae
321 1846 512 1883 nicotianae
532 1845 571 1880 in
598 1856 707 1881 anum
731 1847 746 1889 (
765 1843 819 1888 h>
849 1843 952 1880 misso
973 1872 981 1884 ‚
1012 1844 1174 1881 suscitare
1197 1846 1319 1881 conati
1348 1845 1455 1887 sunt,
1489 1845 1547 1882 alii
1567 1847 1673 1882 unice
1690 1845 1861 1882 dolorem

255 1906 507 1944 vehementem
533 1903 756 1944 intulerunt,
796 1902 932 1939 acicula
952 1901 1015 1939 sub
1038 1913 1203 1951 unguem
1234 1902 1344 1941 infixa
1362 1904 1379 1950 (
1398 1903 1464 1949 i),
1498 1903 1601 1943 clavo
1628 1904 1765 1943 intruso
1785 1903 1861 1953 (le)

294 2023 306 2058 (
325 2035 347 2060 y
369 2024 381 2059 )
404 2021 509 2052 Second
536 2020 673 2051 fldemoir.
690 2015 747 2057 sur
776 2018 812 2046 les
834 2023 912 2055 part.
937 2018 1017 2050 irrit.
1041 2019 1111 2056 Exp.
1138 2016 1207 2058 476.
1232 2018 1289 2052 &m

293 2065 368 2100 (z)
391 2073 417 2100 p·
447 2071 482 2097 42
489 2072 516 2097 4

292 2106 304 2138 <
328 2107 374 2135 αδ
398 2114 422 2140 i>
442 2112 479 2138 42
486 2111 511 2141 5-

292 2148 302 2177 (
322 2147 366 2177 b}
387 2144 454 2174 ibid.

293 2186 362 2222 (c)
384 2195 411 2223 p-
444 2195 512 2221 400
537 2191 605 2221 425

296 2231 407 2262 (εἰ)
439 2222 936 2263 d'snRUSTONdcrrfivirat.
963 2235 990 2264 p.
1015 2225 1064 2256 66.

294 2270 368 2304 (e)
391 2266 561 2295 Pannus
593 2267 626 2295 de
647 2277 750 2295 rremtn
752 2268 804 2294 iit.
831 2276 855 2304 p.
884 2273 952 2304 879.
983 2276 1062 2305 oper.
1086 2272 1163 2298 omn.

294 2307 372 2345 (s)
396 2310 535 2338 Meum-e
561 2304 644 2346 Smſjl
662 2308 729 2336 anni
757 2316 841 2345 17²4.
873 2308 914 2338 M.
933 2307 1000 2343 Jun.

294 2351 338 2387 (g
364 2348 665 2378 lBoassi-iAAvE
699 2347 816 2377 Praelaed'l.
842 2348 919 2378 T..1
947 2358 974 2386 p.
1011 2355 1076 2384 108.

295 2392 306 2425 (
324 2391 342 2418 h
364 2395 370 2416 3
394 2389 434 2419 lt>
450 2399 463 2417 a
477 2399 498 2417 M
523 2388 591 2417 ibid.
619 2388 818 2418 Acadicnfium
847 2389 1032 2420 barbarorum
1059 2389 1288 2430 experimentum
1304 2391 1352 2421 est.

295 2432 305 2463 (
327 2432 362 2465 i)
390 2430 434 2458 W
450 2440 456 2457 1
472 2440 489 2457 N
505 2439 515 2457 s
530 2440 545 2457 i
558 2438 612 2457 ow
637 2430 665 2457 in
695 2429 798 2459 celebri
828 2430 875 2460 iila
896 2431 965 2460 theii
991 2433 1025 2460 de
1050 2433 1175 2461 incertit.
1185 2430 1262 2469 fign.
1286 2436 1370 2461 mort.

297 2472 365 2510 (k)
395 2471 615 2501 XWinxtan
643 2470 673 2500 in
697 2470 989 2504 NYMMANNUM
1012 2472 1045 2503 de
1069 2473 1190 2514 προῄεις.
1212 2482 1241 2511 p.
1276 2475 1325 2509 64.
