2003 2748
523 159 892 202 SECTIZ-IV.
954 159 1235 202 ADEPs,
1617 178 1672 214 47

97 307 99 309 ¹
146 260 263 301 Porro
294 259 402 309 adeps
430 258 615 296 intervalla
647 258 803 307 plurima
834 256 1080 296 musculorum
1109 260 1156 296 ita
1181 258 1324 308 replet,
1377 261 1416 296 ut
1437 255 1602 298 stabilitas
1634 263 1676 299 iis

87 323 248 373 partibus
273 319 512 360 concilietur,
554 330 633 367 quae
657 317 786 367 absque
807 329 852 354 eo
880 317 984 366 adipe
1000 317 1153 355 mobiles
1176 317 1272 367 quasi
1298 316 1508 356 fluffiluarent
1525 348 1534 362 ,
1566 321 1607 358 s&
1634 319 1675 357 fi-

86 381 187 423 mul,
226 380 312 417 dum
340 377 460 415 mollis
491 376 598 425 adeps
628 377 747 418 cedit,
783 387 832 413 eae
858 383 974 425 partes
997 378 1137 415 moveri
1166 377 1202 414 &
1228 377 1364 414 dilatari
1383 378 1516 427 possint
1543 378 1674 428 absque

85 440 360 489 impedimento.
395 435 438 474 In
460 435 576 473 orbita
604 435 813 484 exemplum
833 436 881 472 est
897 464 905 478 ‚
936 435 980 473 ad
998 438 1099 483 cujus
1123 435 1252 473 offeam
1274 449 1418 474 caveam
1435 449 1519 475 cuin
1539 438 1668 476 oculus

86 511 171 536 cum
195 496 362 542 musculis
387 495 455 532 suis
474 506 550 531 non
574 502 774 543 congruat,
806 493 941 532 necesse
963 494 1092 544 absque
1119 507 1162 532 eo
1187 495 1291 544 adipe
1315 495 1410 533 foret
1430 525 1439 539 ,
1488 505 1527 534 ut
1551 499 1673 535 minor

85 557 234 606 quidem
258 554 385 593 oculus
407 561 542 590 nataret
567 552 736 591 flaccidus
751 582 761 597 ,
798 555 913 601 major
937 562 1056 591 autem
1083 554 1118 591 ὃς
1143 555 1300 591 orbitam
1331 553 1531 603 repleturus
1550 556 1594 593 ab
1619 556 1673 594 os-

82 616 147 653 seis
173 614 365 664 parietibus
386 614 696 662 comprimeretur.
731 612 842 650 Renis
867 613 1043 653 ambitum
1067 625 1276 651 convexum
1303 613 1467 663 aequabili
1491 614 1673 664 declivita-

82 680 118 711 te
140 686 225 712 cum
251 672 417 711 musculis
441 672 524 721 psoa
552 673 586 709 &
609 672 782 721 quadrato
804 673 1025 721 pinguitudo
1057 681 1219 722 exaequat
1234 700 1243 716 ,
1288 674 1419 722 quibus
1441 674 1608 712 musculis
1632 674 1671 712 id

55 739 59 754 ²
80 733 195 771 viscus
214 731 340 770 infidet
355 760 364 775 ,
398 739 436 769 ut
452 743 536 769 cum
556 730 721 769 firmitate
742 733 783 769 iis
798 733 962 769 carnibus
978 740 1119 769 nitatur.
1153 731 1196 769 ln
1214 732 1364 769 homine
1380 761 1390 775 ‚
1426 734 1483 770 cui
1502 733 1670 783 frequen-2

81 791 230 830 tiss'smus
250 791 333 829 fitus
355 791 403 828 est
422 790 562 833 sedere,
602 793 739 828 natium
773 792 845 828 cuti
871 793 1026 828 maxima
1053 793 1157 841 copia
1179 791 1411 829 substernitur
1428 820 1437 834 ‚
1477 793 1512 829 &
1538 795 1672 842 pariter
1720 833 1723 835 ,

79 851 262 889 musculos
283 852 435 900 glutaeos
451 863 468 887 a
490 849 651 887 sedilium
667 851 818 887 duritate
842 851 875 887 8<
894 850 1070 888 confrie'lu
1089 858 1209 888 tuetur
1224 878 1233 892 ,
1264 851 1300 887 ὃς
1327 864 1397 888 una
1417 852 1510 888 inter
1530 852 1670 889 redium

79 904 288 948 intestinum
312 918 418 959 atque
440 909 620 947 musculos
650 910 876 947 obturatores
901 912 1062 946 internos
1084 910 1287 957 interjectus
1303 938 1312 952 ,
1361 909 1473 958 replet
1497 911 1668 959 equidem

79 968 172 1007 hanc
192 971 301 1006 imam
321 970 433 1018 pelvis
458 968 575 1005 sedern
596 996 604 1010 ‚
639 976 678 1006 ut
702 977 821 1005 tamen
842 969 996 1006 distento
1017 981 1080 1018 per
1099 970 1191 1006 vices
1212 969 1381 1006 intestino
1408 969 1518 1006 facilis
1541 969 1663 1007 cedat:

79 1027 282 1078 pressusque
303 1036 470 1077 praeterea
492 1028 604 1064 molle
633 1040 783 1075 unguen
811 1029 1054 1065 laborantibus
1075 1028 1293 1079 levatoribus
1318 1029 1353 1065 ἃ
1380 1028 1568 1077 sphinCteri
1599 1030 1668 1066 cir-

79 1087 302 1126 cumfundat.
326 1087 420 1124 Alibi
437 1086 577 1123 videtur
590 1087 816 1123 inamabilem
832 1088 994 1136 inprimis
1011 1087 1127 1123 sceleti
1142 1087 1294 1135 figuram
1308 1087 1453 1129 tollere,
1474 1088 1562 1125 dum
1577 1099 1668 1125 con-1

77 1147 198 1195 gestus
222 1147 481 1184 roriinditatem
507 1157 575 1194 pro
597 1145 711 1182 foveis
736 1144 852 1182 efficit.
896 1145 947 1183 lta
976 1147 1068 1182 inter
1093 1146 1267 1184 malarum
1293 1144 1364 1183 offa
1392 1147 1427 1183 ἃ
1454 1147 1669 1184 buccinato-f

75 1216 158 1242 rum
180 1207 345 1242 maximae
366 1205 478 1252 adipis
498 1204 615 1252 glebae
636 1204 740 1247 sunt,
777 1205 907 1252 quibus
938 1205 1134 1242 consumtis
1161 1204 1356 1242 tristissimae
1383 1204 1477 1243 fossae
1504 1208 1540 1242 in
1576 1206 1669 1244 facie

76 1271 293 1301 excavantur
314 1276 321 1300 ε
362 1275 436 1312 quo
465 1262 660 1300 oculorum
686 1265 793 1300 etiam
816 1263 950 1301 heftica
974 1264 1199 1313 profunditas
1222 1265 1377 1312 pertinet
1393 1289 1402 1306 ,
1437 1266 1579 1312 quoties
1605 1277 1668 1302 or«

74 1321 148 1360 bita
174 1323 276 1372 adipe
300 1322 391 1360 male
419 1328 549 1370 turget.
598 1321 725 1360 Albam
755 1325 861 1360 etiam
884 1333 1004 1360 cutem
1033 1323 1066 1359 &
1094 1323 1253 1359 molliter
1274 1322 1400 1360 fultam
1428 1322 1601 1370 subjectus
1626 1325 1664 1361 δε

73 1381 257 1431 pellucens
281 1382 408 1419 reddit.
449 1380 546 1419 Hinc
561 1380 715 1419 infantes
732 1382 823 1419 albi:
854 1382 939 1420 hinc
963 1381 1140 1419 albissimae
1166 1390 1283 1431 partes
1303 1410 1312 1424 ,
1330 1383 1460 1430 quibus
1484 1382 1666 1431 plurimus-

72 1440 182 1490 adeps
205 1441 388 1487 subjicitur
403 1469 411 1484 ,
446 1453 686 1478 mammarum
707 1442 877 1490 exemplo
903 1455 911 1478 ε
954 1442 1040 1480 hinc
1060 1441 1261 1489 puellarum
1282 1442 1372 1479 cutis
1390 1469 1399 1484 ,
1435 1441 1524 1478 dum
1552 1443 1663 1479 mach

73 1498 210 1538 lescunt
231 1529 240 1542 ‚
275 1500 319 1537 ad
345 1501 449 1538 olivae
471 1499 684 1537 flavedinem
711 1500 903 1538 marcescit.

132 1557 163 1595 A
189 1559 324 1607 frigore
353 1560 440 1596 aeris
463 1558 627 1595 animalia
653 1571 806 1607 corpora
833 1559 1024 1596 defendere
1047 1558 1204 1597 creditur
1230 1559 1258 1595 is
1282 1557 1390 1607 adeps
1409 1585 1417 1600 ,
1457 1561 1517 1606 qui
1549 1559 1663 1607 pluria

72 1628 153 1653 mus
178 1617 341 1666 undique
373 1618 446 1654 cuti
475 1617 667 1663 subjicitur.
722 1617 829 1655 Certe
862 1619 902 1653 in
934 1618 1145 1665 rigidiffimo
1178 1618 1313 1665 frigore
1346 1618 1472 1654 oceani
1506 1618 1663 1657 borealis

71 1687 199 1712 omnes
225 1675 358 1725 pisces,
395 1683 516 1718 cetus,
558 1675 702 1724 phoca,
744 1688 825 1713 aves
860 1676 1039 1726 denique,
1083 1677 1242 1726 plurimo
1273 1675 1494 1714 subcutaneo
1534 1676 1661 1714 oleoso

69 1735 174 1784 adipe
190 1736 404 1773 muniuntur
423 1735 470 1787 (p
482 1734 496 1785 )
510 1764 518 1778 ‚
551 1736 586 1772 ὃζ
603 1734 770 1785 homines
795 1735 977 1773 macilenti
992 1737 1067 1773 vim
1089 1736 1233 1785 frigoris
1250 1736 1384 1784 magis,
1410 1747 1520 1785 quam
1537 1735 1655 1780 obesi,

9 1806 18 1819 ’ν
70 1793 236 1832 sentiunt.

130 1853 295 1891 Resorbti
322 1853 433 1901 adipis
457 1865 620 1902 quaenam
643 1853 774 1892 utilitas
802 1853 870 1897 fit,
914 1855 962 1892 est
983 1855 1250 1904 inquirendum.
1286 1852 1343 1891 An
1362 1853 1430 1891 alat
1454 1854 1628 1892 resumtus
1643 1880 1656 1898 ,

70 1912 109 1950 ἃ
136 1915 284 1962 proprio
313 1912 356 1949 de
385 1911 489 1950 succo
514 1915 643 1950 animal
671 1915 789 1956 vivat,
824 1913 904 1951 sunt
928 1916 990 1963 qui
1016 1915 1190 1953 dubitant.
1226 1913 1416 1962 Plerique,
1463 1915 1568 1950 etiam
1597 1927 1659 1952 ana

72 1972 245 2019 tiquiores
271 1970 499 2026 physiologi,
533 1984 615 2010 cum
647 1973 808 2010 animalia
835 1973 953 2010 hieme
985 1974 1096 2027 sopita
1118 1975 1268 2023 pinguia
1293 1972 1355 2009 sub
1384 1972 1488 2009 initio
1510 1973 1656 2019 frigoris

71 2028 140 2066 effe
164 2031 349 2072 viderent,
389 2031 422 2066 ἃ
443 2031 628 2068 macilenta
650 2031 693 2068 de
719 2031 872 2068 latibulis
894 2034 990 2069 exire
1009 2059 1019 2078 ‚
1052 2035 1089 2069 in
1108 2045 1184 2070 eam
1212 2032 1422 2068 sententiam
1450 2032 1659 2069 inciderunt

72 2089 183 2134 (q),
217 2089 339 2126 oleum
374 2088 444 2125 hoc
479 2090 678 2128 resorltum
709 2090 801 2127 alere
819 2119 827 2132 ‚
865 2092 900 2127 &
932 2091 1110 2139 sanguinis
1136 2092 1296 2139 inopiam
1316 2090 1506 2127 sustentare
1541 2093 1625 2138 (r)
1642 2117 1651 2134 ,

69 2156 150 2194 quae
172 2148 214 2185 ab
240 2148 356 2185 inedia
378 2147 503 2196 sponte
530 2149 687 2198 sequitur
704 2176 713 2191 ‚
750 2151 936 2186 materiem
960 2150 1116 2200 denique
1140 2150 1291 2199 glutinis
1317 2150 1474 2199 praebere
1498 2177 1507 2192 ,
1553 2150 1656 2198 quod

1526 2220 1654 2246 omnes

108 2311 177 2348 (pl
201 2311 225 2341 A
241 2323 262 2342 N
275 2323 294 2342 n
309 2322 326 2342 r
343 2323 355 2339 a
373 2323 385 2342 s
399 2321 417 2341 o
431 2323 451 2343 N
474 2315 629 2344 Nacbricht
646 2326 701 2346 von
721 2317 817 2348 island
835 2316 871 2345 de
901 2321 966 2345 ceto
992 2315 1111 2346 dentato
1131 2314 1272 2345 Cachillot.
1299 2316 1318 2346 S
1334 2325 1350 2344 c
1361 2325 1383 2345 n
1396 2325 1410 2346 s
1425 2325 1440 2344 L
1455 2324 1476 2344 H
1493 2324 1514 2343 A
1528 2324 1550 2344 M
1564 2325 1589 2346 ,M
1604 2324 1618 2344 s
1634 2324 1654 2344 fl.

68 2353 108 2385 δε
133 2353 237 2389 Χὴῆῐῡ.
254 2355 280 2382 in
297 2364 358 2391 proi
373 2355 412 2383 iio
437 2354 532 2384 libello
562 2355 585 2386 R
603 2368 617 2385 Λ
634 2368 643 2385 1
680 2357 806 2391 Hs'fsllom
825 2356 859 2387 os
873 2358 932 2386 God
956 2367 982 2394 p.
1005 2361 1051 2386 26.
1082 2367 1145 2387 uz.
1173 2358 1226 2387 &a

112 2396 153 2431 (q
205 2395 251 2424 Va
268 2405 391 2424 casus
408 2405 445 2423 ai
473 2395 507 2425 T.
533 2396 699 2433 ll.p.415.
721 2392 931 2435 Jacossffiu
948 2408 960 2427 s
985 2399 1110 2426 cieran's
1126 2408 1154 2435 p.
1175 2407 1220 2435 7⁴.
1245 2398 1326 2429 Rnx
1359 2393 1488 2437 PVfiiom
1511 2394 1582 2435 osss
1601 2405 1653 2425 on

63 2444 99 2475 p.
119 2443 184 2470 292.
212 2434 254 2465 De
271 2436 395 2465 muribus
420 2437 561 2466 montanis
578 2438 622 2469 Cl.
643 2439 667 2470 A
680 2450 696 2469 ι.
710 2450 724 2471 ἰ
741 2451 765 2472 Μ
777 2448 799 2471 -A
815 2449 837 2471 N
853 2448 873 2469 N
898 2449 962 2468 vom
975 2436 1109 2477 Eifinerre
1128 2449 1157 2477 p.
1172 2444 1243 2474 208,
1362 2440 1371 2446 ”

108 2475 182 2513 (r)
205 2475 392 2506 Fan-soa
411 2477 429 2508 1.
452 2488 478 2510 c.
496 2487 523 2516 p.
546 2486 591 2516 34.
