2003 2748
287 147 342 178 26
515 137 736 179 'LIBL
774 137 1584 181 COR-RHUMELEMENTA.

285 247 371 278 nem
392 235 525 285 reperit
548 234 743 273 Ishrczndus
759 248 827 273 van
852 235 889 274 D
905 248 916 272 1
933 247 951 272 ε
965 247 994 272 Μ
1007 247 1026 273 E
1039 248 1060 273 R
1073 248 1092 273 B
1106 248 1126 273 a
1140 248 1163 273 o
1177 248 1195 273 r:
1211 249 1230 274 c
1242 248 1266 274 K
1295 237 1315 284 (
1332 236 1383 283 r)
1402 265 1411 280 ‚
1445 237 1481 274 ὃς
1505 235 1716 275 cellulosum
1737 235 1890 276 lamina-

287 303 365 334 tum
392 303 535 333 textum
558 294 690 344 absque
710 295 815 344 adipe
846 297 882 332 in
909 295 984 332 fetu
1012 295 1192 345 descripsit
1218 295 1250 334 R
1269 308 1290 332 υ
1308 308 1331 333 Y
1348 309 1362 333 s
1380 308 1400 333 c
1419 308 1444 332 H
1463 308 1474 332 1
1494 308 1515 332 u
1535 309 1549 333 s
1580 298 1596 343 (
1616 308 1632 333 s
1653 297 1684 344 ).

343 354 386 396 In
410 356 450 391 iis
469 353 671 391 minoribus
689 354 826 391 cellulis
848 354 982 392 habitat
1003 355 1153 404 aquula,
1203 362 1324 392 tenera
1340 383 1349 398 ‚
1390 355 1630 404 'evaporabilis
1649 383 1656 397 ‚
1709 355 1794 393 oleo
1823 356 1885 393 ali-

285 426 362 463 quo
388 413 487 450 mista
506 417 532 455 ,’
553 425 663 462 quam
679 414 714 449 in
736 414 874 450 morbis
895 413 1032 451 audiam
1047 442 1056 456 ,
1087 414 1123 450 &
1148 414 1318 452 chemicae
1336 426 1434 451 nunc
1455 414 1584 464 analyfi
1601 415 1790 462 subjecltam
1807 427 1885 452 rec-

285 477 356 511 tius
382 471 647 520 cognoscimus.
696 470 730 509 Js
751 473 799 509 est
820 485 932 529 vapor
965 472 1001 510 H
1020 485 1029 508 1
1046 485 1096 509 PP
1111 486 1133 510 o
1149 485 1243 510 cim
1257 486 1280 510 T
1300 486 1310 510 1
1327 486 1341 510 s
1356 502 1365 516 ,
1403 486 1511 522 quem
1530 474 1692 523 spiritum
1716 475 1879 516 vocavit,

287 534 350 581 qui
366 544 488 569 caveas
514 531 609 568 sanas
640 532 775 580 repleat
798 532 847 580 (t
869 533 912 580 ),
948 533 984 568 in
1007 532 1101 569 libro
1125 532 1294 582 equidem
1317 561 1326 575 ‚
1372 544 1482 581 quem
1508 545 1582 570 non
1612 545 1679 581 pro
1716 533 1883 581 legitimo

286 592 482 640 receperim
499 619 508 632 ,
547 603 614 640 pro
633 593 784 640 antiquo
806 598 927 628 tamen
947 591 1069 628 haberi
1086 620 1094 633 ,
1130 593 1276 629 nemine
1296 600 1422 629 contra
1440 592 1611 629 sentiente
1626 592 1742 629 video.
1781 592 1884 629 Idem

286 651 416 688 halitus
437 663 500 700 per
519 652 765 699 experimenta
788 649 821 688 K
835 663 856 687 A
872 663 894 688 A
908 663 930 688 u
944 663 981 687 W
994 663 1006 687 1
1023 663 1035 687 1
1064 651 1192 688 rec'tius
1215 651 1298 697 (u)
1325 653 1495 689 innotuit.
1532 651 1738 688 Viscidulus
1759 652 1894 698 digitis

287 712 469 758 tangentis
495 711 701 748 anatomici>
722 709 854 752 haeret,
884 711 920 746 ὃς
941 709 1111 747 εοΠεθωε
1136 712 1173 746 in
1198 711 1388 747 rubentem
1407 711 1599 758 gelatinam
1616 711 1688 747 abit
1709 713 1765 756 (x
1782 716 1807 754 J.
1839 710 1883 747 ln

290 769 421 806 offibus
445 769 536 806 fetus
558 768 680 805 fimilis
704 769 872 806 vii'cidula
890 769 1036 818 lympha
1063 781 1129 818 pro
1154 769 1313 806 medulla
1345 769 1416 806 est:
1457 770 1559 819 quod
1586 769 1726 806 dudum
1745 769 1809 807 Ar<
1825 782 1889 806 18--

287 840 515 866 TOTELES
546 830 652 877 (y),
689 829 725 865 ἃ
748 841 863 877 nuper
885 829 1153 866 STAHLius
1183 831 1327 866 monuit
1352 829 1459 876 (z).

319 921 323 926 .
349 887 491 925 Verum
519 890 556 924 in
583 888 658 937 ipso
684 889 789 925 etiam
811 889 885 925 fetu
912 889 1126 931 maturiori,
1162 890 1273 937 inque
1297 894 1474 930 omento,
1509 887 1731 937 potiffimum
1757 887 1891 925 secun«

289 948 379 985 dum
399 947 564 985 vasorum
584 947 708 984 seriem
726 976 734 989 ‚
778 949 811 984 3<
834 949 870 984 in
886 949 1028 997 reliquo
1053 948 1203 985 demum
1228 948 1351 985 tenelli
1375 947 1536 985 animalis
1558 960 1712 996 corpore
1738 947 1888 995 globuli

288 1007 382 1050 albi,
418 1007 521 1057 adipe
540 1006 667 1044 friabili
687 1007 808 1055 pleni,
845 1019 889 1044 ex
911 1008 1039 1044 ordine
1064 1008 1244 1057 adparent.
1293 1006 1322 1044 Ii
1344 1009 1475 1056 pariter
1500 1008 1660 1044 minores
1676 1035 1685 1049 ‚
1725 1008 1779 1044 uti
1806 1006 1883 1044 vasa

286 1069 466 1104 teneriora
487 1066 586 1109 sunt,
621 1068 656 1103 ἃ
679 1066 807 1103 distant
822 1068 942 1115 primo
958 1095 967 1108 ,
997 1067 1129 1103 deinde
1145 1067 1382 1104 confertiores
1397 1066 1430 1103 se
1445 1066 1638 1114 adtingunt
1656 1067 1674 1113 <
1694 1078 1714 1102 a
1733 1073 1757 1114 ).
1794 1065 1885 1103 Am·

285 1126 402 1175 pullas
429 1126 500 1163 olei
529 1126 697 1163 solitarias
725 1127 763 1162 in
792 1136 945 1163 omento
971 1125 1065 1163 fetus
1096 1126 1296 1163 observavit
1323 1125 1376 1164 Cl.
1408 1125 1495 1162 olim
1525 1128 1661 1163 amicus
1683 1125 1804 1162 noster
1833 1124 1879 1171 J.

285 1185 491 1222 fridericus
512 1184 549 1223 H
561 1197 617 1227 ιη.
631 1198 645 1222 s
659 1197 678 1223 E
690 1197 709 1221 B
722 1197 745 1221 u
759 1198 774 1223 s
788 1197 808 1222 c
821 1198 846 1221 H
872 1186 891 1232 (
906 1185 928 1222 h
943 1187 973 1232 ).
1008 1184 1276 1233 Pinguedinem
1301 1187 1338 1222 in
1360 1185 1435 1223 fetu
1462 1186 1571 1222 acinis
1592 1186 1700 1221 meris
1728 1196 1883 1233 compo-

284 1246 326 1281 ni
358 1244 494 1281 docent
522 1243 551 1281 A
566 1256 622 1281 CT
639 1256 658 1280 A
693 1243 864 1281 BALTH
880 1256 891 1280 1
908 1255 963 1281 CA
997 1244 1016 1292 (
1035 1245 1098 1293 c).
1149 1244 1237 1282 Haec
1268 1246 1375 1282 etiam
1402 1244 1450 1281 est
1476 1243 1666 1293 pinguedo
1691 1242 1883 1292 granulosa

284 1305 324 1341 in
354 1302 462 1341 dorso
488 1303 580 1341 fetus
607 1303 696 1340 dicta
726 1302 756 1352 J
785 1303 839 1341 M.
869 1302 1049 1341 HOFMA
1067 1316 1130 1340 NN
1147 1316 1169 1341 υ
1201 1302 1302 1351 (d).
1346 1303 1547 1353 Nunquam
1578 1310 1698 1340 tamen
1730 1302 1884 1351 perinde

284 1361 386 1401 obesi
396 1362 476 1401 sunt
486 1363 578 1401 fetus
589 1391 597 1405 ,
623 1375 732 1412 quam
745 1363 856 1400 adulti
871 1363 1018 1412 quidem
1039 1363 1207 1400 homines
1219 1392 1227 1406 ‚
1258 1373 1297 1401 ut
1312 1365 1417 1400 etiam
1435 1365 1471 1400 in
1486 1363 1597 1400 corde
1612 1363 1753 1410 parcior
1769 1361 1879 1411 adeps

283 1422 328 1459 sit
352 1421 368 1471 (
389 1434 406 1459 e
424 1422 443 1470 )
460 1451 469 1465 ,
506 1423 542 1459 &
557 1420 784 1460 macilentior
800 1424 956 1460 omnino
971 1422 1112 1460 fetuum
1134 1423 1242 1473 adeps
1260 1423 1457 1472 duriorque
1481 1421 1571 1459 mihi
1589 1421 1679 1459 visus
1713 1421 1762 1458 est
1776 1450 1785 1464 ,
1817 1432 1882 1470 pe-

285 1482 392 1519 rinde
417 1490 458 1520 ut
482 1480 718 1519 RioLANO
749 1481 851 1531 (f).

346 1541 510 1588 Quando
535 1553 622 1578 vero
646 1542 762 1578 homo
785 1543 821 1578 in
846 1541 966 1579 lucem
990 1541 1106 1579 editus
1130 1542 1178 1578 est
1193 1570 1202 1585 ‚
1234 1548 1323 1579 tunc
1344 1542 1469 1590 primis
1492 1542 1592 1578 annis
1610 1541 1718 1578 aetatis
1741 1539 1808 1577 suae
1825 1540 1882 1576 in-

281 1602 361 1638 :i‘ans
375 1600 478 1639 valde
491 1600 619 1638 obesus
642 1600 706 1644 fit,
740 1600 878 1650 subque
903 1601 978 1646 ejus
998 1610 1080 1638 cute
1104 1601 1213 1649 adeps
1237 1600 1354 1638 multo
1369 1629 1379 1642 ,
1414 1612 1523 1648 quam
1551 1600 1748 1648 puberibus
1770 1627 1778 1640 ‚
1809 1611 1880 1647 pro

284 1662 426 1699 ratione
445 1659 652 1697 musculosae
681 1661 795 1696 carnis
821 1658 1003 1708 copiosior
1019 1687 1028 1701 ‚
1058 1658 1249 1697 albissimus
1265 1687 1274 1701 ‚
1311 1658 1482 1696 mollibus
1500 1659 1537 1695 &
1558 1657 1790 1695 subrotundis
1807 1657 1881 1694 fac-

282 1730 342 1759 tus
367 1719 522 1768 glebulis
554 1717 782 1756 suffunditur.
817 1718 938 1755 Altera
958 1717 1137 1755 obefitatis
1158 1727 1238 1755 aetas
1270 1718 1320 1755 est
1347 1729 1461 1755 annus
1492 1716 1806 1766 quadragesimus,
1841 1718 1878 1752 &

283 1784 348 1833 qui
363 1779 524 1830 proximi
547 1777 746 1816 succedunt
762 1807 773 1822 ,
810 1790 885 1828 quo
909 1784 1076 1828 tempore
1098 1777 1305 1827 quadratam
1318 1788 1387 1827 pro
1399 1776 1523 1826 gracili
1535 1776 1689 1814 formam
1707 1774 1878 1871 colleftus

1764 1846 1784 1872 a
1813 1845 1878 1883 eps

324 1947 393 1985 (r)
416 1946 552 1978 Anatom.
578 1953 608 1982 p.
637 1951 684 1979 η.

325 1990 391 2024 (s)
416 1990 445 2017 T
443 1984 550 2025 heslmr.
577 1985 671 2015 Amat.
697 1983 747 2015 ΠΙ.
774 1995 800 2016 n.
824 1988 871 2024 64-
895 1981 981 2024 illusi
1002 1984 1162 2022 Petropolit.
1183 1982 1218 2014 T.
1241 1981 1262 2013 1.
1289 1993 1316 2023 p.
1343 1992 1390 2022 13.

322 2033 334 2063 (
351 2031 390 2068 t)
412 2033 564 2065 Περιτεχνης
581 2035 608 2054 n.
640 2036 675 2064 17

324 2076 334 2105 (
353 2073 395 2103 u]
419 2073 462 2100 De
476 2067 621 2106 pnjhirat.
653 2068 783 2103 Hippocr.

325 2116 336 2147 (
352 2113 397 2145 x]
422 2110 554 2140 Gelatina
573 2110 602 2138 in
618 2107 728 2138 cellulis
743 2107 799 2137 favi
822 2106 957 2137 similibus
979 2106 1061 2137 scroti
1098 2106 1206 2145 stagnat
1226 2106 1251 2136 D
1264 2116 1280 2136 o
1293 2116 1313 2135 u
1326 2115 1344 2135 G
1356 2116 1373 2135 L
1387 2113 1404 2134 Α
1416 2114 1429 2135 s
1454 2104 1488 2134 de
1510 2104 1654 2143 hydrocele
1677 2114 1704 2143 p.
1729 2114 1752 2142 ς,

323 2146 394 2191 (yj
419 2150 522 2188 Hilior.
549 2150 666 2179 animal.
695 2149 741 2178 lib.
768 2158 791 2185 3.
817 2158 841 2179 c.
860 2157 906 2179 20.
926 2154 1001 2185 part.
1021 2149 1109 2177 anim.
1136 2148 1183 2178 lib.
1210 2156 1236 2178 2.
1259 2157 1281 2178 c.
1302 2151 1329 2177 6.

381 2196 393 2232 )
417 2193 517 2222 Theor.
541 2193 639 2220 medic.
669 2200 695 2227 p.
726 2194 792 2225 376.

380 2237 393 2271 )
418 2233 472 2263 ΚΛ
489 2242 506 2261 Α
523 2242 541 2261 υ
555 2242 579 2260 w
600 2233 632 2260 de
648 2227 764 2268 perspir.
788 2240 814 2260 n.
833 2239 900 2268 792.
923 2240 990 2268 794.
1008 2240 1075 2270 795.
1095 2232 1164 2269 79⁶·
1185 2228 1233 2260 hic
1255 2234 1332 2260 totus
1350 2227 1406 2267 legi
1426 2227 1519 2260 debet.

382 2277 394 2311 )
418 2276 463 2303 De
483 2269 609 2310 celluqun
625 2271 693 2301 Leid
715 2276 799 2308 1728.
818 2281 845 2307 4.

382 2317 395 2353 )
418 2314 493 2343 Ann.
521 2317 606 2349 1699.
632 2322 657 2349 p.
686 2317 730 2345 ¹8.

388 2358 400 2394 )
424 2354 489 2384 Diss‘.
516 2355 549 2382 de
563 2353 763 2391 pinguedinem
790 2358 816 2388 8.

382 2398 394 2434 )
418 2396 459 2425 Cl.
490 2394 516 2424 H
529 2402 552 2424 u
564 2403 582 2422 N
597 2404 617 2423 A
630 2404 648 2423 u
661 2404 678 2422 ι,
695 2403 713 2422 n
735 2393 795 2434 [nst.
814 2393 848 2424 de
866 2392 978 2426 I’Acad.
1003 2393 1049 2423 des
1059 2391 1165 2433 fidene.
1189 2399 1275 2432 ¹732.

377 2439 390 2477 )
413 2435 603 2473 Anthropogr.
623 2444 649 2474 p.
673 2442 741 2472 410.
935 2451 939 2453 -
