2003 2748
432 154 626 197 S‘ECT.
675 152 780 195 IIL
845 149 1341 194 LYMPHATICA.
1603 156 1677 194 181

87 252 379 303 honglobatarum
406 252 607 301 descriptio.
687 249 752 289 Eas
783 251 881 287 enim
906 249 1095 297 glandulas
1118 256 1179 288 aut
1203 260 1332 286 omnes
1369 245 1557 297 pellucidae
1585 259 1684 285 venae

87 314 246 355 adeunt,
282 325 361 361 quae
389 311 590 349 multorum
631 310 681 347 est
706 309 879 345 sententia
904 309 1007 354 (n),
1043 315 1104 346 aut
1132 317 1228 345 eerte
1258 308 1446 357 pleraeque.
1541 305 1598 344 Ad
1624 306 1686 343 has

85 375 240 411 omnino
265 383 390 408 carnes
416 369 592 418 glandula
611 380 751 405 nomen
778 368 954 415 primario
982 369 1158 415 pertinet,
1192 379 1277 404 cum
1306 366 1419 414 figura
1441 377 1564 403 earum
1589 378 1688 402 vera-

84 444 167 470 rum
190 430 377 479 glandium
394 428 569 464 fimillima
582 427 648 469 fit,
686 427 720 462 ὃς
735 438 790 462 eas
811 427 969 462 omnino
989 424 1020 462 C
1033 437 1052 462 Ε
1067 438 1086 462 L
1099 438 1114 462 s
1134 438 1153 461 υ
1167 438 1183 464 ε
1201 426 1277 472 (ο)
1298 426 1477 462 intellexit
1491 453 1500 467 ,
1537 425 1686 473 quando

90 491 136 528 de
163 489 342 538 glandulis
369 486 523 535 scripsit,
558 497 637 534 quae
663 486 701 520 in
726 485 927 521 cervicibus
946 483 1130 522 interdum
1161 496 1243 521 cum
1277 484 1405 521 dolore
1434 482 1683 521 intumescant.

85 547 151 587 Eas
181 549 289 584 etiam
305 545 381 582 MA
395 558 418 582 n
434 557 446 580 1
461 556 486 580 N
502 556 521 581 υ
536 557 551 580 s
569 542 637 592 (p)
667 556 686 580 a
710 543 856 591 reliquis
878 542 1058 590 glandulis
1088 542 1278 591 separavit,
1313 543 1415 591 quod
1432 542 1547 579 densae
1562 541 1683 585 essent,

90 607 127 644 ὃς
150 605 314 642 vasorum
340 603 576 640 divisionibus
592 602 835 650 subjacerent:
870 613 1023 650 eamque
1044 609 1168 638 notam
1190 601 1223 639 G
1239 613 1257 637 A
1274 613 1293 637 L
1309 613 1327 637 E
1341 613 1363 638 N
1380 614 1400 638 υ
1418 614 1432 638 s
1455 602 1604 638 retinuit
1620 602 1685 647 (q).

86 663 223 702 Ruiu
240 676 255 700 s
282 662 502 711 subpingues
536 662 645 709 (r),
681 660 916 709 carnosasque
949 662 1202 697 concretiones
1243 660 1335 697 dixit
1361 688 1369 701 ‚
1405 662 1442 697 in
1476 661 1687 708 inguinibus

89 722 309 764 &lactibuffi
346 722 382 758 δι
401 721 485 758 alibi
513 721 593 768 (s)
621 719 810 768 glandulas
837 720 1007 761 cervicis,
1043 719 1203 761 alarum,
1239 719 1391 756 melhraei
1425 720 1460 755 δι
1493 721 1689 766 inguinum

87 780 272 818 recensuit.
354 779 537 817 Tumores
562 789 608 815 ex
636 790 745 816 carne
770 779 807 814 δε
839 778 943 827 adipe
964 778 1073 816 faclos
1101 779 1259 815 maxime
1286 777 1378 815 circa
1408 779 1583 825 inguina,
1620 777 1688 814 alas

88 840 127 877 δε
163 838 416 877 mesenterium
448 867 458 881 ,
509 839 603 884 (ubi
646 831 806 889 χοιςαέες
834 837 964 882 diuae)
1007 836 1213 874 POLLux
1242 831 1524 883 (t'fl‘vocavit.
1600 835 1691 873 Ter-

92 899 185 936 tium
209 897 464 946 glandularum
497 909 614 946 genus
647 895 714 933 Vn
731 910 779 934 SA
798 909 847 934 Lr
863 909 912 933 us
937 897 955 943 (
969 895 1032 943 u)
1065 896 1149 932 facit
1169 923 1179 938 .
1213 907 1293 943 quae
1320 897 1487 932 cavitates
1517 893 1688 943 repleant,

89 956 155 994 sub
178 958 344 998 auribus,
378 965 438 993 aut
456 958 495 992 in
511 955 652 1003 jugulo.
715 955 887 1005 Denique
912 967 932 992 a
959 954 1243 1003 conglomeratis
1263 955 1414 1003 proprio
1447 955 1598 990 nomine
1613 965 1691 990 con-

88 1014 320 1062 globatarum
354 1015 516 1050 distinxit
556 1013 763 1062 Franclscux
796 1014 820 1052 S
835 1026 891 1051 YL
906 1026 929 1051 v
944 1026 956 1050 1
972 1026 1023 1050 us
1048 1015 1154 1061 (x),
1187 1013 1298 1061 idque
1327 1025 1465 1050 nomen
1493 1024 1512 1049 a
1536 1011 1692 1060 discipu-

89 1073 133 1111 lis
164 1076 214 1120 (y
236 1074 279 1120 )‚
316 1073 352 1109 δε
384 1080 459 1110 tota
485 1072 557 1109 fere
582 1072 789 1120 posteritate
816 1072 1065 1110 conservatum
1087 1072 1136 1109 est
1152 1100 1161 1114 ‚
1197 1071 1259 1109 etss
1288 1084 1365 1109 non
1401 1083 1527 1108 verum
1552 1083 1691 1108 nomen

90 1144 211 1180 neque
234 1130 410 1180 fimplices
435 1130 622 1179 glandulas
653 1130 742 1173 effe,
777 1144 864 1180 quas
889 1131 1126 1179 conglobatas
1161 1130 1184 1167 S
1202 1142 1222 1167 v
1241 1143 1262 1166 L
1279 1142 1302 1167 v
1321 1143 1333 1167 1
1354 1142 1372 1167 υ
1391 1143 1406 1167 s
1447 1130 1617 1171 vocavit,
1653 1130 1691 1167 Sc

93 1190 450 1237 conglomeratarum
469 1189 617 1226 titulum
636 1189 691 1226 his
717 1191 847 1227 nostris
874 1191 1001 1227 rectius
1026 1190 1155 1238 inponi
1182 1188 1212 1226 L
1228 1201 1252 1226 ο
1265 1202 1280 1225 s
1293 1201 1308 1225 s
1324 1201 1336 1225 1
1352 1202 1373 1226 u
1388 1202 1402 1225 s
1430 1190 1512 1235 (z)
1539 1189 1686 1235 objecit,

93 1248 211 1297 adque
246 1247 482 1296 conglobatas
512 1259 609 1285 veras
636 1249 762 1285 testem
781 1277 791 1292 ,
824 1249 1005 1297 pinealem
1026 1248 1261 1297 glandulam‚
1295 1248 1467 1296 prostatas
1502 1247 1538 1283 δε
1567 1248 1690 1282 mino-

94 1319 149 1346 res
177 1306 328 1343 miliares
357 1305 544 1355 glandulas
572 1307 695 1344 retulit
717 1307 731 1356 (
753 1319 774 1343 a
791 1309 817 1353 ).
898 1307 969 1345 Sed
999 1319 1118 1356 neque
1154 1306 1309 1343 aliorum
1342 1305 1404 1344 Cl:
1432 1306 1598 1343 virorum
1622 1304 1690 1342 ob-

94 1365 266 1415 jectiones
290 1372 477 1416 receptum
502 1377 522 1404 a
543 1365 566 1409 S
579 1377 602 1404 Y
615 1378 637 1403 L
651 1378 673 1403 v
687 1378 699 1402 1
713 1377 736 1404 o
761 1366 952 1405 discrimen
981 1368 1213 1416 antiquarunt
1230 1363 1318 1414 (b).

651 1469 684 1511 ἓ.
720 1464 762 1504 X
777 1465 813 1504 V
830 1465 847 1504 I
867 1465 892 1505 Ι.
978 1464 1138 1504 fabrica.

159 1559 202 1600 In
220 1560 425 1600 universum
442 1559 615 1608 oblongae
644 1559 750 1600 sunt,
786 1559 890 1597 olivae
920 1558 1034 1607 figura
1061 1561 1078 1606 (
1087 1565 1151 1606 c),
1188 1559 1225 1595 &
1244 1558 1360 1595 modo
1391 1557 1588 1607 simplices,
1621 1557 1691 1594 dis-

105 1628 210 1658 cretae
251 1618 393 1668 sparsim
419 1618 598 1660 habitant,
631 1618 747 1656 modo
775 1619 812 1654 in
842 1629 988 1655 acervos
1022 1617 1266 1665 colliguntur,
1301 1616 1566 1655 confluentium
1600 1615 1692 1652 simi-

99 1678 150 1715 les
165 1705 176 1720 ,
210 1677 331 1727 quales
357 1677 494 1715 cumuli
515 1688 562 1716 ex
583 1677 763 1724 congestis
786 1675 1008 1725 simplicibus
1031 1678 1068 1713 in
1093 1676 1144 1713 ala
1165 1677 1201 1712 &
1226 1677 1378 1723 inguine
1401 1677 1565 1724 inprimis
1590 1687 1693 1723 repe-

100 1739 251 1778 riuntur.
279 1739 281 1741 ’
317 1735 432 1774 Color
456 1737 494 1773 in
515 1735 590 1773 fetu
610 1735 741 1783 pallide
761 1735 918 1772 rubellus
946 1735 1016 1777 eit,
1052 1737 1090 1772 in
1113 1734 1238 1771 adulto
1264 1734 1415 1771 homine
1440 1734 1552 1770 sature
1570 1734 1688 1775 ruber,

101 1797 142 1837 in
172 1794 439 1833 bronchialibus
467 1794 666 1846 glandulis,
702 1805 781 1844 quae
808 1794 852 1833 de
873 1793 940 1833 linc
965 1793 1067 1832 classe
1097 1793 1201 1836 sunt,
1235 1792 1349 1831 sature
1376 1792 1546 1832 caeruleus
1578 1793 1614 1830 &
1639 1794 1693 1829 ni-

102 1866 172 1907 gro
196 1854 394 1908 proximus,

1528 1909 1692 1949 Firmitas

146 2018 212 2056 (n)
234 2019 262 2050 N
274 2028 293 2048 u
305 2028 352 2049 cx<
373 2018 390 2049 l.
414 2028 439 2049 c.
460 2029 487 2057 p.
507 2029 556 2056 49.
968 2017 1040 2056 (τι)
1062 2021 1106 2049 De
1115 2016 1218 2056 fabric.
1236 2024 1307 2053 corp.
1326 2016 1404 2045 hum.
1430 2026 1456 2053 p.
1474 2023 1542 2054 722.

148 2060 213 2094 (ο)
237 2059 265 2088 L.
287 2059 339 2090 IV.
363 2069 386 2089 c.
410 2059 431 2089 Ι.
965 2061 1033 2096 (κδ
1059 2058 1169 2097 Disput.
1186 2059 1257 2087 med.
1282 2059 1375 2094 quint.
1398 2067 1425 2086 n.
1447 2066 1494 2091 2<-
1514 2054 1560 2084 26.
1577 2064 1625 2084 ιτ.

148 2098 211 2136 (p)
235 2100 316 2137 Apud
338 2099 362 2129 G
377 2109 425 2128 AL
439 2109 558 2129 ικυκ
577 2097 725 2138 desemine
745 2099 776 2130 L.
798 2098 832 2130 11.
846 2100 875 2130 δε
967 2102 1028 2137 (y)
1055 2100 1168 2129 Nicoluo
1187 2099 1204 2127 S
1220 2108 1238 2125 ‘r
1252 2108 1265 2126 iz
1279 2108 1296 2126 n
1311 2108 1329 2126 o
1345 2107 1364 2125 N
1380 2107 1412 2126 ις
1433 2097 1449 2126 f
1469 2097 1503 2125 de
1528 2092 1644 2133 muscul.
1660 2094 1699 2129 ἐξ

107 2139 142 2169 de
162 2139 288 2168 methodo
306 2141 434 2168 medendi
461 2140 491 2170 L.
518 2140 595 2169 XIV.
922 2141 1018 2178 gland.
1056 2150 1085 2177 p.
1112 2149 1157 2176 29.
1187 2140 1311 2176 Regnero
1333 2138 1367 2165 de
1399 2137 1519 2168 GRAA
1534 2146 1548 2165 ι
1571 2137 1604 2164 de
1626 2143 1698 2172 pan-

149 2180 162 2215 (
180 2190 198 2217 q
216 2182 227 2212 ‘J
249 2180 332 2217 Apud
366 2180 392 2210 O
407 2190 422 2208 a
439 2191 448 2208 ι
464 2191 480 2209 is
493 2190 511 2210 A
526 2191 538 2209 s
552 2192 561 2209 1
578 2191 598 2210 υ
612 2191 634 2210 Μ
670 2181 737 2210 edit.
774 2180 796 2209 D
808 2190 826 2208 υ
841 2190 876 2209 N·
928 2188 1018 2210 create
1038 2189 1067 2217 p.
1090 2188 1134 2216 ςο.

109 2230 130 2253 ι)
143 2229 160 2249 Α
172 2229 184 2249 s
196 2230 209 2249 s
233 2230 260 2257 p.
287 2227 333 2254 80.
365 2220 480 2250 Nullam
499 2220 627 2250 vasorum
642 2221 809 2250 divitionem
824 2221 879 2250 esse
969 2221 1010 2256 (53
1026 2222 1037 2257 )
1061 2219 1136 2257 Drsp.
1158 2220 1192 2248 de
1211 2218 1358 2256 glandulis
1377 2218 1410 2246 in
1424 2227 1521 2255 genere
1537 2225 1567 2247 n.
1582 2224 1629 2252 24.
1650 2223 1698 2253 30.

109 2261 303 2297 pronunciat,
329 2261 375 2291 cui
399 2262 541 2298 ejusmodi
566 2261 707 2300 glandula:
731 2271 790 2291 non
815 2261 878 2291 fub-
969 2261 1034 2296 (ιι)
1057 2270 1084 2289 n.
1117 2266 1161 2294 28.

110 2301 254 2338 jiciantur.
970 2301 1031 2338 (h)
1054 2300 1088 2330 G.
1118 2300 1150 2331 C.
1188 2299 1535 2330 SennLuAMMssn
1571 2295 1600 2325 in
1625 2297 1700 2323 Ana-

111 2380 134 2413 C
152 2341 217 2377 (r)
241 2344 284 2371 De
303 2341 396 2378 appell.
415 2347 493 2378 part.
518 2341 550 2373 L.
575 2341 613 2374 Π.
642 2351 704 2381 pag.
731 2345 778 2379 64.
806 2342 874 2373 edit.
927 2342 1009 2372 ledis.
1050 2343 1077 2373 N
1100 2352 1109 2370 ι
1133 2350 1152 2371 c
1176 2350 1199 2370 a
1221 2349 1242 2370 ο
1263 2351 1280 2369 L
1301 2350 1318 2369 t.
1340 2348 1353 2369 s
1383 2338 1413 2368 in
1441 2337 1590 2375 Compend.
1620 2342 1700 2365 anns.

147 2392 162 2409 L
176 2391 185 2410 r
200 2391 220 2408 κ
233 2391 251 2410 c
264 2391 297 2411 H.
933 2393 1015 2413 oecon.
1065 2406 1071 2412 .
1095 2392 1122 2417 4-

152 2420 312 2458 (Ulbid.
337 2421 523 2460 L.1.p.28.
974 2393 1146 2461 (c)pC0nf.
1161 2420 1463 2461 figurasNucmx,
1485 2416 1700 2452 Cowrizax,

153 2459 212 2501 (c)
235 2461 310 2494 Edit.
333 2462 684 2500 lizusxznnuts.
706 2466 822 2504 p.261.
932 2463 1087 2496 thu.

1112 2504 1156 2543 Z<
1180 2510 1204 2544 3
