2003 2748
337 163 386 200 82
840 150 1107 191 LIBsII.
1170 150 1395 193 VASA.

332 252 365 290 sa
395 251 532 299 semper
558 248 603 285 ad
627 246 659 284 se
687 247 845 284 invicem
869 245 1051 286 adducant
1075 249 1111 285 &
1132 249 1340 286 revinciant.
1380 247 1505 295 Quare
1532 249 1659 288 tabulae
1686 252 1929 296 anatomicam*

334 323 413 361 quae
431 309 522 346 fiunt
547 308 591 344 ad
607 306 779 344 mundata
801 305 876 344 vasa
890 334 900 349 ,
931 307 1084 355 angulos
1108 307 1182 345 fere
1204 320 1333 346 omnes
1350 309 1502 356 majores
1524 309 1685 352 faciunt,
1723 323 1830 360 quam
1848 311 1928 360 qui-

334 371 419 407 dem
440 370 476 404 in
500 368 584 404 vivo
610 365 764 403 homine
785 365 860 403 fint.
911 365 1111 404 Acutiffimi
1137 367 1188 404 illi
1211 368 1361 416 anguli,
1396 369 1540 417 qualem
1568 381 1653 407 cum
1679 369 1789 408 dustu
1823 370 1927 419 cysti-

334 442 379 466 co
405 427 587 475 hepaticus
618 426 799 475 intercipit
815 453 823 468 ‚
864 427 902 462 in
930 426 1132 463 semirecffos
1156 427 1300 465 abeunt.
1320 426 1452 479 ⁸Acuti
1475 457 1484 472 ,
1527 428 1649 478 quales
1671 436 1809 467 aortam
1834 430 1927 467 inter

334 490 371 524 δε
394 485 529 523 renales
547 486 688 522 arterias
718 492 779 523 aut
812 485 1054 541 intergostales
1069 514 1078 528 ,
1126 493 1186 524 aut
1196 486 1370 524 lumbales
1388 487 1492 531 sunt,
1531 490 1569 526 iu
1592 488 1708 526 [εᾶοε
1728 495 1922 527 mutantur.

333 546 388 585 Ex
411 547 523 583 acutis
549 546 656 582 etiam
681 543 801 582 obtusi
822 543 914 581 nasci
932 552 1129 593 poterunt,
1166 548 1219 583 uti
1237 546 1408 584 dicemus.

393 605 491 653 Ergo
516 606 631 654 prima
651 604 711 641 lex
738 604 787 641 est
803 632 812 646 ,
849 610 890 641 ut
915 605 951 641 in
972 606 1080 642 omni
1107 604 1281 642 divisione
1311 607 1444 644 arreriae
1471 604 1508 643 'ea
1527 619 1692 656 propago
1709 635 1717 649 ‚
1755 619 1834 656 quae
1853 619 1928 644 ma-

333 668 390 713 jor
418 665 491 707 est,
528 664 621 701 sitin
645 663 842 700 diree’tione
864 666 1005 706 trunci,
1045 676 1083 701 ea
1107 677 1194 701 vero
1221 676 1300 714 quae
1323 667 1444 702 minor
1469 666 1541 708 est,
1584 668 1732 716 oblique
1759 667 1803 704 de
1827 674 1928 705 trun-

328 737 381 762 co
405 731 508 762 exeat:
536 723 633 770 (i).
669 722 816 761 Deinde
842 724 879 759 in
912 723 1118 761 universum
1146 724 1309 772 plerique
1329 724 1451 772 anguli
1467 753 1477 766 ‚
1520 726 1564 763 ad
1589 738 1682 775 quos
1708 726 1745 762 in
1771 738 1927 775 corpore

333 783 496 822 humano
517 784 651 820 arteriae
673 782 905 823 dividuntur,
940 782 1039 820 τεθεὶς
1059 784 1219 821 minores
1240 784 1276 820 &
1303 785 1398 821 acuti
1420 783 1501 821 sunt
1516 813 1525 827 ,
1551 793 1611 822 aut
1631 786 1820 834 propiores
1851 796 1929 822 reo-

330 844 400 886 =tis‚
436 850 497 881 aut
515 842 720 892 frequenter
740 841 923 879 semiacuri
939 870 947 884 ‚
986 849 1046 879 aut
1081 842 1238 891 denique
1259 845 1442 891 peracuti,
1481 856 1600 894 neque
1621 845 1718 881 enim
1739 844 1775 881 hi
1801 846 1928 881 inven-

328 911 375 942 tu
400 904 468 940 rari
489 902 578 939 sunt.
614 901 684 939 Sed
711 903 819 938 etiam
845 903 881 938 in
905 900 986 949 ipfis
1014 903 1185 939 arborum
1214 902 1309 940 foliis
1333 902 1406 939 fere
1428 903 1631 955 'istiusmodi
1657 904 1781 952 anguli
1809 905 1847 940 in
1875 904 1928 941 di·-

335 961 532 999 vifionibus
566 961 760 1003 vasorum,
811 961 1077 998 &nervorum
1101 989 1109 1003 ,
1156 969 1197 998 ut
1231 969 1388 1005 vocant,
1432 962 1646 1012 plerumque
1682 964 1923 1011 reperiuntur.

335 1021 442 1059 Acuti
467 1021 546 1058 sunt
562 1049 570 1062 ‚
608 1020 667 1057 sed
689 1021 836 1068 magn1‚
877 1032 971 1068 quos
1003 1033 1087 1058 cum
1117 1022 1236 1058 trunci
1262 1028 1371 1058 aortae
1397 1021 1585 1070 progressu
1614 1028 1684 1058 tres
1715 1022 1854 1072 magnig
1876 1034 1929 1059 ra-

319 1083 388 1117 -mi
416 1081 650 1129 intercipiunt
672 1107 681 1122 ,
726 1091 819 1128 quos
845 1087 953 1116 aortae
972 1091 1073 1116 arcus
1106 1080 1188 1117 edit.
1233 1079 1364 1129 Magni
1393 1082 1500 1118 eriam
1517 1110 1526 1124 ,
1573 1082 1609 1118 δι
1634 1080 1743 1130 paulo
1768 1083 1928 1119 minores

335 1140 459 1183 reffis,
500 1151 592 1188 quos
617 1146 716 1176 aorta
747 1150 833 1176 cum
855 1138 1141 1176 intercostalibus
1171 1140 1206 1176 &
1233 1139 1455 1178 lumbaribus
1478 1143 1584 1178 ram-is
1615 1139 1732 1178 efficit.
1768 1140 1926 1184 Acurus„

336 1211 413 1249 quo
438 1198 562 1248 prodit
575 1197 769 1248 phrenica,
806 1206 867 1235 aut
891 1197 1060 1252 coeliqca‚
1095 1208 1156 1235 aut
1174 1198 1414 1236 mesenterica.
1449 1199 1595 1243 Acuro,
1630 1200 1690 1237 sed
1717 1201 1926 1248 grandiori,

337 1260 472 1296 arteriae
494 1259 630 1295 renales
657 1257 848 1295 nascuntur
865 1285 874 1299 ,
906 1263 1080 1306 peracuto
1102 1257 1214 1306 saepe‚
1248 1265 1355 1296 acuto
1377 1258 1537 1307 semper,
1572 1259 1799 1308 spermaticae.
1835 1258 1929 1297 Acu-

335 1326 378 1357 to
394 1346 403 1360 ‚
439 1329 531 1366 pene
553 1316 736 1354 semirefto
749 1345 758 1358 ‚
789 1315 960 1354 dividieur
969 1318 1009 1353 =in
1022 1316 1141 1354 iliacas·
1160 1324 1257 1354 aorta
1275 1346 1284 1359 ‚
1320 1318 1355 1354 ὃς
1378 1320 1454 1367 pari
1468 1319 1541 1356 fere
1560 1320 1597 1356 in
1615 1318 1925 1368 hypogastricam,

338 1378 376 1414 δε
395 1368 608 1414 femoralein
635 1377 734 1414 iliaca
755 1375 893 1414 secedit.
930 1375 1049 1414 Acuto
1071 1378 1225 1425 pariter,
1264 1378 1300 1413 Sc
1322 1376 1409 1426 saepe
1428 1385 1600 1426 peracuto
1625 1379 1749 1426 magni
1772 1379 1862 1414 rami
1877 1377 1930 1414 fe-

337 1436 492 1474 morales
512 1437 679 1474 oriuntur
694 1464 703 1478 ,
738 1442 779 1472 ut
801 1434 982 1484 profunda
1005 1435 1154 1473 femoris
1172 1465 1181 1478 ‚
1216 1435 1346 1473 tibialis
1366 1438 1500 1485 postica
1519 1466 1528 1481 ,
1563 1438 1601 1474 r&
1620 1449 1779 1487 peronea
1792 1464 1802 1479 ‚
1838 1436 1931 1474 aliae-

337 1508 410 1545 que
431 1496 603 1545 plurimae.
641 1494 829 1533 Carotides
856 1496 989 1532 arteriae
1018 1495 1063 1533 ad
1086 1497 1281 1533 minimum
1309 1496 1485 1544 angulum
1511 1497 1746 1539 dividuntur,
1784 1507 1868 1533 cum
1888 1508 1930 1534 u-

330 1563 462 1605 ·traque
473 1554 670 1592 adscendat.
699 1553 825 1592 Minus
842 1556 937 1592 acuti
953 1554 1033 1592 sunt
1049 1555 1194 1603 anguli,
1213 1555 1345 1604 quibus
1364 1555 1574 1605 thyreoidea
1591 1556 1762 1605 superior,
1788 1554 1929 1604 lingua-

335 1615 378 1652 lis
393 1644 401 1657 ‚
426 1614 623 1663 occipitalis
633 1613 827 1664 prodeunt.
861 1614 968 1652 Acuti
990 1616 1095 1652 etiam
1111 1615 1274 1664 plerique
1291 1627 1477 1653 ramorum
1486 1616 1587 1654 faciei
1599 1615 1723 1664 anguli
1738 1615 1840 1658 sun-t,
1868 1624 1931 1652 aut

326 1673 475 1713 durachii
500 1674 518 1720 (
537 1672 553 1709 l
569 1674 600 1721 ).

400 1732 478 1778 Qui
497 1732 580 1769 recti
608 1731 776 1770 videntur
793 1759 802 1774 ,
843 1732 879 1768 δε
902 1743 972 1780 pro
995 1732 1096 1770 reffis
1122 1732 1370 1770 describuntur
1385 1761 1394 1775 ,
1426 1733 1641 1783 plerumque
1662 1736 1759 1784 prius
1773 1762 1784 1776 ,
1819 1743 1929 1783 quam

337 1791 510 1830 industria
533 1792 727 1829 anatomici
749 1789 951 1832 accesserit,
987 1792 1088 1829 τεθεὶς
1113 1794 1274 1830 minores
1292 1792 1464 1837 fuerunt,
1502 1805 1549 1831 ne
1570 1793 1672 1831 sacris
1697 1792 1846 1843 quidem
1868 1804 1928 1830 an-

340 1851 533 1891 terioribus
554 1878 563 1892 ‚
580 1857 640 1889 aut
657 1849 735 1888 tarfi
752 1852 886 1889 arteriis
916 1853 1083 1900 exceptis.

386 1910 475 1957 Qui
501 1908 617 1947 obtusi
647 1909 761 1958 vulgo
788 1910 958 1948 dicuntur
975 1938 984 1952 ‚
1017 1910 1129 1948 iidem
1157 1912 1264 1948 etiam
1280 1939 1292 1953 ,
1337 1910 1477 1948 dudum
1510 1923 1570 1947 me
1597 1917 1771 1949 monente
1796 1911 1866 1957 (m
1882 1909 1899 1956 )
1915 1918 1931 1954 ,·

326 1996 331 2004 ,-
341 1969 472 2008 deinde
494 1968 569 2007 Cel.
601 1968 634 2008 R
650 1981 672 2007 ο
686 1982 703 2007 ε
716 1982 739 2008 D
753 1981 772 2006 Ε
787 1982 808 2006 R
822 1981 840 2005 ε
854 1981 874 2005 R
890 1981 913 2008 o
945 1970 964 2016 (
984 1981 1007 2005 n
1027 1970 1047 2018 )
1081 1971 1118 2007 in
1137 1971 1261 2019 primis
1282 1968 1350 2007 suis
1368 1971 1554 2019 principiis
1572 1971 1666 2008 acuti
1685 1970 1831 2008 fuerunt
1847 1998 1855 2010 ‚
1889 1977 1930 2007 ut

341 2040 387 2066 ex
418 2036 550 2067 trunco
567 2028 716 2078 quidem
741 2029 919 2078 prodeant
943 2028 1080 2076 angulo
1112 2041 1195 2067 cum
1221 2030 1296 2076 ejus
1324 2027 1512 2078 progressu
1545 2026 1678 2072 acuto,
1717 2028 1847 2067 deinde
1875 2040 1930 2065 re-

339 2087 424 2126 flexi
442 2090 479 2126 &
501 2088 724 2138 retrogradi,
760 2090 886 2138 utique
916 2095 1042 2127 contra
1068 2091 1187 2127 trunci
1210 2088 1262 2127 sui
1282 2077 1518 2127 direstioriem
1537 2095 1770 2129 revertantur.
1803 2086 1855 2126 Ita
1875 2100 1929 2125 re-

1824 2158 1929 2198 perio

380 2261 441 2300 (i)
464 2262 497 2294 Μ
512 2272 531 2293 Α
546 2272 562 2292 ι
575 2270 594 2291 τ
609 2273 617 2291 ι
630 2272 649 2292 »ι
664 2273 677 2293 z
691 2260 784 2304 Effiiys
796 2261 971 2304 qfafimiezty
988 2271 1019 2295 at
1033 2266 1142 2296 Edimb.
1161 2263 1200 2296 T.
1217 2263 1269 2295 ΙΙΙ.
1288 2274 1317 2303 p.
1338 2273 1403 2304 141.
1424 2264 1445 2295 C
1459 2274 1480 2295 H
1493 2274 1509 2294 ε
1523 2274 1535 2294 s
1549 2275 1563 2294 ε
1577 2274 1594 2294 ι
1609 2274 1629 2294 n
1644 2275 1660 2295 ι
1674 2274 1696 2294 N
1712 2269 1792 2294 anat.
1807 2262 1859 2294 Ed.
1878 2260 1929 2291 v1.

333 2307 545 2381 φ’(ἵξῦίᾳάὀε
559 2343 619 2374 haec
637 2346 733 2375 omnia
756 2354 803 2376 aut
826 2346 854 2375 in
879 2346 898 2375 E
912 2356 983 2377 usT
996 2357 1015 2377 A
1030 2356 1047 2377 c
1060 2356 1082 2377 u
1098 2357 1110 2376 ι
1124 2357 1134 2376 ι
1162 2345 1230 2376 Tab.
1263 2353 1310 2385 ας.
1338 2348 1366 2378 8(
1387 2350 1434 2379 26.
1453 2354 1502 2380 aut
1522 2346 1552 2377 in
1577 2346 1670 2379 nostra
1692 2346 1752 2377 tab.
1781 2350 1843 2376 am.
1871 2343 1929 2374 Ar-

337 2390 392 2460 m}
406 2391 634 2463 ‚avb—offiium·
655 2426 695 2459 ad
711 2426 829 2462 prae'ea.
855 2428 1009 2460 Boerhuav.
1036 2428 1073 2461 Τ.
1094 2428 1128 2461 ll.
1153 2437 1181 2467 p-
1209 2436 1277 2467 4372

376 2465 448 2503 (n)
473 2464 552 2506 Tltgfi
576 2473 654 2498 anat⁴
680 2468 750 2498 mar.
773 2477 801 2499 n.
821 2478 866 2507 ¹}-
