2003 2748
421 155 619 197 SECT:
663 156 773 197 III.
835 155 1318 198 LYMPHATICA.'
1579 168 1656 209 165

123 252 172 293 -Id
192 254 318 303 utique
338 253 488 292 tenuisse
513 261 689 304 oportet,.
720 266 798 292 non
824 264 904 291 raro
921 282 930 296 ,
971 254 1008 291 &
1036 254 1150 302 magis
1171 255 1264 291 eirca
1284 253 1418 304 aliquas
1437 257 1603 305 corporis
1619 269 1654 294 a-

63 314 213 352 mimalis
229 321 365 363 partes,
390 313 465 352 vasa
489 313 706 362 lymphatica
731 313 948 363 cylindrica,
993 314 1029 349 &
1050 313 1181 361 absque
1207 314 1355 351 valvulis
1369 313 1448 353 effe.
1482 315 1535 354 Ita
1563 317 1657 354 circa

64 373 288 423 pulmonem
321 375 436 422 reperi
470 373 526 420 (y
543 373 580 418 ),
615 374 653 408 in
679 372 814 421 hepatis
843 382 928 409 vero
954 383 1118 409 convexa
1147 379 1245 420 parte
1274 373 1381 410 icone
1403 374 1576 424 ‘expreffit
1602 377 1656 412 vit

67 432 126 470 Cl.
162 431 347 480 Cafimirus
375 430 637 478 Christophorus
656 430 679 468 S
692 443 712 467 c
725 443 751 467 H
763 444 792 468 Μ
808 443 821 467 1
839 443 858 467 ε
870 443 893 467 D
909 443 927 467 E
943 443 964 467 r,
992 431 1008 480 (
1024 443 1053 467 z
1068 432 1094 474 ).›
1128 430 1199 468 Sed
1220 433 1327 469 etiam
1352 433 1477 471 duetus
1501 435 1656 472 thoraci-

71 503 135 529 eus
154 491 333 529 humanus
354 490 487 539 absque
510 489 616 526 nodis
637 488 853 539 plerumque
873 490 1037 538 adparet,
1077 490 1113 526 &
1134 502 1152 526 a
1176 492 1311 529 retibus
1334 492 1584 542 lymphaticis,
1614 506 1655 532 u-

72 552 101 588 ti
118 562 136 588 a
159 550 276 587 rubris
299 550 455 591 retibus,
492 548 646 586 valvulus
665 548 779 585 abesse
806 550 858 585 vir
887 548 941 586 111.
968 550 1114 586 monuit
1135 550 1152 595 (
1170 562 1191 586 a
1207 550 1234 595 ).

131 608 259 645 Robur
290 607 393 645 suum
426 607 492 644 his.
516 606 665 644 valvulis
696 608 810 650 inest,
852 619 927 656 quo
948 636 958 650 ,
996 621 1014 644 a
1048 619 1202 645 numero
1232 609 1435 656 juvantium
1463 610 1496 648 se
1524 618 1664 651 mutuo·

71 666 288 704 ostiolorum
312 666 392 713 (b)
420 665 635 704 confirmato
651 695 660 708 ‚
694 668 747 703 vis
763 666 911 715 iupreffa
927 666 1028 704 facile
1048 666 1258 710 sustinetur,
1287 676 1326 705 ut
1347 681 1463 719 neque
1487 679 1653 720 crepent,

63 737 191 775 ‘neque
214 725 394 774 liquorem
421 725 602 774 inpulsum
626 725 738 773 longe
760 725 997 763 transmittant
1018 754 1027 768 ,
1066 725 1126 762 etfi
1147 726 1375 765 ostendamus
1394 757 1403 771 ‚
1445 731 1570 779 utique
1597 743 1660 768 ne-

63 797 146 834 vque
182 783 373 827 rariffime‚
412 786 534 821 relabi.
569 783 688 821 Fibras
713 784 945 827 transversas,
986 783 1095 822 oculo
1118 794 1255 823 armato
1285 786 1391 830 visas,
1428 788 1535 836 hujus
1565 790 1659 827 forte

64 844 217 881 ,roboris
244 844 361 881 causas
377 872 387 886 ,
426 844 618 880 delineavit
649 844 823 880 Antonius
853 844 891 881 N
904 857 924 881 u
941 856 961 880 c
979 856 1004 880 K
1036 845 1056 892 (
1073 856 1090 880 e
1105 845 1136 892 ).

123 901 272 940 ,Primus
284 902 412 941 harum
428 902 648 940 valvularum
673 910 833 940 naturam
849 902 1017 940 haetenus
1038 904 1294 952 experimentis
1312 903 1380 942 suis
1401 904 1530 954 adtigit
1547 905 1573 943 B
1587 917 1606 942 Α
1621 919 1662 943 R-

74 973 100 999 ·1·
112 973 138 998 Η
150 973 174 999 o
189 973 210 998 L
225 973 243 1013 Ι·
255 973 280 998 Ν
296 974 319 999 u
333 975 348 999 s
369 962 447 1009 (d)
461 990 470 1004 ‚
495 962 597 1011 quod
610 960 683 999 vasa
698 961 913 1011 lymphatica
928 962 1034 1010 ligata
1047 962 1282 999 intumefcere
1299 991 1308 1004 ‚
1340 975 1458 1013 neque
1470 993 1479 1007 ‚
1507 964 1530 1001 fi
1543 965 1661 1013 digito

64 1019 234 1070 -prefferis
249 1048 259 1063 ‚
296 1020 483 1070 lympham
502 1020 697 1058 retrorsum
710 1021 837 1058 cedere
856 1021 993 1058 viderit.
1031 1021 1256 1059 Manifestius
1278 1034 1334 1058 eas
1352 1023 1443 1060 vidit
1472 1023 1504 1061 R
1517 1036 1539 1060 U
1553 1036 1576 1061 D
1589 1035 1661 1060 131²:-

76 1090 104 1117 ι(
118 1091 131 1116 1
148 1091 166 1116 u
181 1092 195 1116 s
217 1081 265 1126 (e
279 1080 298 1128 )
311 1107 320 1121 ‚
358 1081 394 1117 ὃς
415 1079 714 1117 numerofiffimas
733 1078 800 1116 effe
813 1108 821 1122 ,
856 1092 974 1129 neque
997 1081 1124 1127 majori
1151 1081 1338 1117 intervallo
1365 1081 1490 1119 distare
1508 1110 1517 1124 ‚
1553 1094 1664 1131 quam

74 1136 118 1175 fit
129 1136 220 1174 milii
235 1150 410 1186 granum,
443 1140 613 1180 monuit,
643 1140 750 1175 icone
773 1140 899 1181 etiam,
933 1138 1042 1187 paulo
1070 1139 1210 1177 rudiori
1233 1138 1321 1188 (f)
1347 1139 1520 1190 expreffit.
1557 1140 1664 1179 Utili-

65 1202 188 1234 =tatem
213 1197 398 1245 perspexit
420 1196 625 1246 Franciscus
657 1196 692 1234 G
703 1209 725 1233 L
738 1209 751 1233 1
765 1210 780 1234 s
792 1210 806 1234 s
818 1209 841 1234 o
854 1210 879 1234 N
910 1200 927 1244 <
937 1209 968 1244 g
980 1199 1008 1244 ).

136 1254 256 1292 Solers
279 1255 338 1292 ille
366 1255 471 1293 SwA
489 1269 518 1292 m
531 1268 561 1293 M
574 1269 593 1292 E
607 1269 626 1293 R
640 1267 697 1293 DA
712 1268 765 1292 M1
783 1269 803 1293 u
819 1269 833 1293 s
865 1256 884 1303 (
905 1256 928 1293 h
947 1257 963 1302 )
994 1268 1091 1294 auno
1118 1258 1190 1304 jam
1221 1262 1330 1302 1664
1348 1256 1413 1295 has
1432 1258 1588 1296 vai'vulas
1608 1271 1666 1297 ac-

66 1315 233 1352 ‘curat1us
262 1315 513 1363 investigavit,
553 1316 754 1352 &iconem
775 1315 965 1352 meliorem
986 1327 1070 1352 cum
1099 1314 1305 1352 Gerardoss
1320 1328 1402 1354 LAs
1418 1329 1429 1353 1
1447 1329 1469 1354 ο
1499 1329 1667 1356 commu-

77 1374 218 1410 nicavit.
261 1372 406 1422 Integre
422 1386 479 1410 eas
499 1375 685 1412 coustituit
702 1374 902 1411 fridericus
930 1374 961 1411 R
976 1387 998 1411 υ
1010 1386 1032 1410 Y
1046 1386 1095 1411 S‘c
1110 1386 1135 1410 Η
1153 1376 1197 1422 (i
1208 1375 1248 1420 )’,
1285 1375 1320 1411 &
1337 1386 1382 1411 ex
1407 1377 1490 1424 equi
1511 1388 1667 1426 corpore

78 1436 158 1469 ae're
179 1432 344 1470 distentas
356 1432 551 1470 adservavit
565 1461 575 1475 ‚
611 1434 648 1470 ἃ
661 1435 828 1471 cominus
843 1445 928 1470 cum
947 1432 973 1470 B
987 1445 999 1469 1
1014 1445 1035 1469 L
1047 1445 1062 1470 s
1075 1445 1088 1470 1
1102 1444 1128 1470 ο
1144 1431 1352 1482 congressus
1370 1435 1526 1473 invitum
1543 1438 1669 1475 convi-

68 1492 129 1528 ›cit
143 1518 153 1534 ‚
184 1502 268 1528 vere
287 1490 401 1529 adeffe
427 1492 476 1533 <k
491 1491 518 1537 >⁰
831 1498 833 1501 '

615 1553 649 1596 §.
680 1549 772 1588 1-11,
837 1549 907 1587 Vis
935 1548 1132 1588 irritabilis.

140 1656 224 1700 Ne,
259 1657 534 1707 quaecohaerent
555 1657 927 1708 separarecogamur,
958 1658 1154 1702 addemus,
1180 1659 1345 1698 vaiht-’um
1362 1657 1670 1711 lymphaticzorum

82 1724 247 1754 naturam
270 1717 373 1754 valde
400 1717 647 1755 contrastilem
673 1717 739 1755 effe
755 1747 764 1761 ,
800 1719 837 1756 &
862 1717 1026 1755 vasorum
1044 1719 1240 1757 rubrorum
1255 1721 1558 1758 irritabilemvvim
1577 1722 1670 1760 mul-

80 1776 128 1813 tis
150 1775 270 1813 modis
290 1775 461 1825 superare.
500 1777 646 1826 Neque·
661 1780 758 1814 enim
784 1777 880 1815 solus
901 1777 1026 1815 dustus
1047 1777 1273 1821 thoracicus,
1313 1782 1376 1828 qui
1394 1792 1475 1817 vere
1500 1780 1544 1817 de
1559 1793 1671 1830 genes

82 1846 123 1870 re
148 1834 314 1872 vasorum
339 1835 646 1885 lymphaticorum
688 1837 738 1874 est
761 1865 771 1879 ,
809 1838 845 1874 &
878 1837 1028 1886 perinde
1063 1837 1138 1874 vasa
1174 1837 1393 1887 lymphatica
1421 1839 1585 1888 hepatis,
1626 1839 1672 1876 ad

78 1892 159 1930 -solei
182 1894 317 1931 vitrioli
339 1894 470 1933 caetum
489 1895 751 1933 contrahuntur
773 1897 809 1933 δε
843 1896 1029 1933 celerrime
1060 1898 1316 1935 exinaniuntur
1339 1896 1387 1945 (l
1400 1906 1434 1946 );
1469 1899 1540 1935 Sed
1562 1900 1672 1948 inpri-

87 1953 155 1988 mis
181 1953 220 1988 in
244 1953 420 1996 animate,
455 1956 514 1992 cui
542 1955 649 2003 plena
669 1955 839 1997 fuerunt,
875 1962 935 1993 aut
962 1955 1071 2005 chylo
1088 1983 1097 1996 ‚
1134 1964 1194 1993 aut
1224 1955 1407 2005 lympha.
1431 1965 1492 1994 aut
1516 1957 1672 1995 caeruleo

85 2008 255 2058 liquore«,
293 2023 405 2060 quem
430 2013 603 2051 animalia
621 2014 810 2051 absorbere
837 2015 966 2062 coegi,
1009 2014 1073 2052 sub
1094 2014 1177 2064 ipsis
1202 2016 1348 2052 intentis
1374 2018 1464 2053 meis
1484 2016 1600 2054 oeulis
1616 2024 1674 2054 to-

1063 2072 1105 2111 X
1171 2084 1188 2117 3
1608 2077 1673 2113 ties

129 2157 180 2196 (y
199 2158 214 2196 )
236 2157 384 2190 consentit
403 2160 443 2191 Cl.
462 2161 483 2191 F
496 2171 568 2191 nau
582 2172 597 2192 ε
611 2173 620 2191 1
633 2172 655 2192 m
680 2164 708 2193 in
732 2162 789 2194 diff.
820 2173 858 2192 an
949 2163 963 2199 (
983 2164 1027 2199 e)
1051 2163 1123 2193 Lais.
1144 2164 1277 2194 thoracic.
1301 2174 1328 2203 p.
1359 2173 1405 2202 35.

90 2205 175 2229 arcer.
200 2201 352 2237 pulmonal.
374 2207 493 2238 tempore
517 2201 715 2241 exspirationis
738 2206 789 2234 &a
808 2206 857 2233 Fr.
948 2204 962 2238 (
979 2203 1027 2241 f)
1050 2204 1135 2241 Dfid·
1149 2204 1248 2242 strue?
1276 2216 1294 2244 p
1333 2215 1383 2242 93.
1411 2212 1474 2242 ¹28·

91 2240 225 2270 GtooT
248 2242 340 2275 journ.
361 2241 474 2280 desfiw.
495 2252 579 2280 1712.
607 2254 635 2282 p.
654 2255 701 2283 43.
719 2255 747 2275 m
766 2244 857 2274 fallor.
950 2245 996 2282 (g
1014 2246 1026 2281 )
1054 2248 1094 2275 De
1119 2246 1218 2282 hepate
1233 2256 1259 2284 p.
1286 2256 1345 2283 449

132 2280 145 2315 (
162 2291 180 2310 z
197 2282 209 2318 )
233 2281 265 2311 In
285 2283 401 2319 proprio
425 2291 644 2320 programmate.
950 2286 961 2319 (
980 2287 999 2315 [ι
1018 2287 1030 2321 )
1055 2289 1096 2315 De
1106 2285 1228 2324 respirat.
1244 2296 1270 2324 p.
1286 2298 1325 2324 90
1349 2290 1376 2317 in
1389 2286 1612 2326 Olfirvationib.
1625 2289 1675 2318 cos-

131 2320 145 2356 (
161 2332 179 2350 a
197 2323 209 2357 )
232 2323 248 2350 S
261 2331 274 2350 ε
288 2331 307 2349 Ν
321 2332 339 2351 Α
352 2332 370 2351 c
389 2323 476 2352 traite‘
496 2326 535 2352 du
549 2336 623 2354 coeur
645 2337 671 2364 p.
698 2335 764 2362 252.
908 2327 973 2363 legii
981 2328 1089 2363 privati
1115 2327 1339 2366 Angslelou'oman
1352 2338 1373 2357 15
1396 2331 1422 2358 Sc
1447 2331 1472 2358 in
1492 2328 1678 2368 Jjutugmute

131 2360 212 2399 (h)
234 2361 317 2392 conf.
331 2362 373 2392 Cl.
386 2364 452 2394 W1
468 2374 521 2394 ΝΠ
534 2374 550 2394 ιι
563 2377 572 2394 ι
584 2376 634 2396 NG
647 2377 668 2396 H
683 2377 700 2396 A
713 2377 773 2405 ΜΡ.
787 2375 855 2404 227.
912 2369 1091 2406 Veslingiano
1110 2366 1223 2398 Briau
1248 2379 1274 2407 p.
1293 2378 1361 2406 55²·
1378 2370 1411 2399 T.
1426 2379 1473 2406 24.
1489 2372 1509 2402 f.
1529 2382 1552 2400 ι.
1568 2380 1593 2401 2.
1611 2382 1634 2409 3.
1647 2380 1673 2410 4.

132 2402 146 2436 ί
167 2403 212 2438 c)
234 2403 285 2441 Fig
309 2413 355 2439 24.
373 2413 420 2442 ις.
438 2415 499 2442 quae
520 2408 653 2444 equidem
677 2409 712 2438 nd
737 2409 857 2439 duetum
949 2407 962 2443 (
984 2411 994 2436 i
1015 2410 1027 2443 )
1056 2409 1086 2438 ln
1109 2409 1155 2439 lib.
1179 2410 1214 2438 de
1235 2411 1343 2440 vala-ul.
1360 2411 1463 2448 lymph-

92 2440 270 2473 thoracicum
296 2444 444 2475 delineatae
465 2445 537 2477 sunt.
947 2450 1024 2484 (k)
1047 2449 1119 2480 lbid.
1152 2451 1184 2479 in
1206 2452 1355 2488 principio.

132 2482 214 2529 (fi)
242 2483 313 2523 Vff‘
348 2487 519 2525 lymphatica
552 2490 705 2521 brutorum
737 2499 766 2530 p.
804 2491 853 2529 46.
946 2492 959 2524 (
981 2491 1024 2525 l)
1047 2492 1162 2521 Second.
1195 2493 1340 2522 Memoz‘re
1362 2490 1418 2531 fier
1443 2493 1465 2522 le
1504 2498 1682 2526 tnouvement

93 2525 211 2561 qomueis
229 2535 258 2564 p.
284 2531 329 2562 18.
910 2531 950 2562 du
962 2528 1039 2570 fizng
1065 2531 1137 2571 Eup.
1169 2542 1237 2571 295.
1265 2539 1334 2570 298.
