2003 2748
292 182 344 220 36
551 172 739 213 LIB.I.
794 173 979 214 CORP.
1025 174 1183 215 HUM.
1232 175 1627 215 ELEMENTA:

290 271 415 309 colore
434 269 555 319 aliquo
578 269 748 307 vividiori
778 270 907 313 tincta,
941 270 1127 321 calensque
1142 300 1151 314 ,
1183 273 1363 310 continuo
1394 284 1438 309 ex
1462 274 1586 310 arteria
1607 273 1645 310 in
1671 273 1877 312 cellulosam

290 332 400 368 telam
420 328 674 366 subcutaneam
695 357 704 371 ‚
747 330 830 366 inve
857 329 1040 368 cellulosas
1064 331 1349 380 intercapedines
1377 333 1667 369 membranarum
1691 336 1881 371 ventriculi

294 392 329 427 ἃ
355 389 607 426 intestinorum
634 387 800 430 exsudat,
835 401 914 437 quae
940 389 1086 427 facilitas
1112 391 1225 428 fraudi
1248 393 1297 428 est
1314 420 1323 434 ,
1355 403 1473 441 neque
1490 391 1570 428 finit
1596 386 1760 429 vasorum
1775 392 1884 445 syste-

294 461 352 486 ma
368 450 468 485 tenui
490 447 646 485 humore
670 455 750 496 apte
770 448 927 496 replere:
957 449 1264 498 pulchritudinem
1285 463 1369 487 vero
1387 451 1561 488 summam
1584 449 1700 500 efficit>
1714 453 1748 488 in
1768 451 1882 500 reple-

293 510 337 544 tis
358 508 522 549 naribus,
543 507 717 544 intestinis
733 536 742 550 ,
766 517 826 544 aut
848 506 1051 546 ventriculo
1068 537 1077 551 ,
1100 509 1247 558 quando
1260 510 1512 548 vermiculatus
1529 511 1652 553 color,
1676 512 1713 547 in
1733 511 1882 549 cellule—

292 567 365 604 fam
379 567 484 604 telam
500 566 639 609 effusus,
658 579 721 616 per
737 574 883 604 tenuem
898 569 1144 605 membranam
1163 570 1325 606 intimam
1343 569 1506 618 pellucet.
1543 569 1658 607 Facile
1675 578 1795 608 autem
1808 571 1857 607 est
1868 598 1879 613 ,

295 627 339 665 ad
366 637 621 676 quamcunque
643 625 754 663 torosl
776 627 916 663 habitus
935 627 1137 664 mensuram
1160 640 1313 677 corpora
1329 641 1527 677 puerorum
1550 641 1594 666 eo
1610 629 1750 678 liquore
1767 630 1882 678 reple-

293 699 353 728 re,
384 687 418 722 Sc
438 685 612 733 rugosum
634 685 905 734 collapsumque
930 686 1080 724 cadaver
1107 688 1143 723 in
1168 688 1359 724 rubentem
1392 688 1427 724 δε
1457 695 1607 725 teretem
1636 688 1790 736 speciem
1810 690 1885 725 vivi

294 746 332 782 ὃς
365 744 578 781 dormientis
605 744 765 781 hominis
791 744 999 788 restituere,
1034 753 1115 788 aut,
1152 745 1224 783 sola
1247 748 1522 784 continuatione
1549 749 1810 796 experimenti,
1843 749 1885 784 iri

291 804 549 841 monstrificam
576 803 731 841 formam
752 803 963 841 distendere.
1001 804 1120 854 Adeps
1141 805 1275 843 calidus
1291 805 1455 855 fususque
1478 806 1642 844 eamdem
1660 808 1755 844 viam
1771 806 1882 844 celer-

291 865 382 900 rime
406 864 608 912 percurrit,
644 870 684 901 ut
713 865 868 900 omnino
901 864 945 901 ad
970 864 1181 911 injeffiones
1208 867 1350 915 ineptus
1380 864 1441 907 fit,
1482 878 1566 903 cum
1595 865 1737 903 desertis
1768 865 1884 909 valis-,-

291 923 415 960 felicio
436 923 559 959 colore
577 951 586 965 ‚
618 924 737 959 omnis
753 924 791 959 in
806 922 1056 961 musculorum
1072 924 1237 962 cellulosa
1253 924 1435 961 intervalla
1451 932 1560 962 exeat.
1592 924 1762 974 Denique
1775 927 1886 962 etiam*

289 982 414 1020 sebum
435 982 573 1024 calens,
612 974 741 1029 majdri
763 981 871 1031 paulo
893 990 1026 1020 conatu
1040 1011 1048 1025 ,
1085 984 1129 1020 de
1151 991 1227 1020 tota
1248 986 1454 1021 arteriarum
1467 984 1698 1032 longitudine
1719 984 1882 1026 exhalat,

292 1043 448 1093 omnino
467 1041 512 1078 ad
532 1042 643 1078 nativi
666 1043 803 1078 itineris
822 1042 934 1090 adipis
961 1044 1202 1079 imitationem
1220 1055 1226 1079 :
1259 1055 1369 1092 quem
1388 1042 1506 1080 videas
1526 1042 1711 1080 simillimis
1729 1043 1816 1080 striis
1831 1044 1885 1081 [θ’

290 1101 452 1138 cundum
476 1108 552 1138 tota
576 1100 651 1137 vasa
676 1102 842 1143 omenti,
881 1113 988 1149 quam
1015 1101 1126 1149 longa
1146 1101 1251 1143 sunt,
1294 1103 1329 1138 ἃ
1358 1102 1504 1140 aliarum
1529 1104 1686 1152 partium
1717 1104 1881 1152 corporis

288 1160 449 1197 animalis
468 1159 618 1208 disponi.
654 1158 701 1197 Ea
720 1159 904 1197 exsudatio
927 1172 971 1196 ex
996 1162 1145 1208 integris
1170 1160 1308 1210 semper
1339 1160 1424 1198 vasis
1450 1161 1512 1203 fit,
1558 1174 1637 1210 quae
1659 1161 1684 1198 fi
1704 1169 1807 1211 rupta
1833 1161 1882 1199 es-

286 1219 383 1262 ient,
410 1219 511 1256 facile
541 1219 761 1267 distinguas,
799 1219 901 1268 quod
922 1220 1043 1256 omnis
1070 1220 1196 1266 injesta
1222 1222 1386 1257 materies
1414 1222 1506 1257 circa
1532 1221 1664 1258 vulnus
1684 1222 1720 1257 in
1737 1220 1883 1258 massam

286 1279 483 1315 informem
511 1277 656 1315 confusa
684 1278 845 1326 stagnet,
881 1286 987 1327 atque
1016 1279 1220 1316 coloratum
1242 1279 1367 1317 sebum
1394 1279 1548 1328 plurima
1569 1281 1604 1316 Sc
1628 1280 1794 1328 pallidior
1814 1282 1882 1317 cir„

289 1338 463 1379 cumstet,
495 1350 579 1374 cum
598 1337 764 1374 exhalans
790 1344 916 1374 contra
937 1337 1045 1387 adeps
1073 1338 1181 1375 lineas
1203 1340 1335 1375 arteriae
1355 1339 1536 1387 parallelas
1560 1337 1711 1382 efficiat,
1744 1340 1882 1389 ubique

286 1397 436 1445 peri-nde
454 1395 600 1439 crassas,
634 1408 754 1445 neque
774 1397 817 1434 ab
840 1399 1009 1434 extremis
1033 1396 1163 1435 finibus
1193 1400 1328 1447 magis,
1360 1410 1468 1447 quarn
1489 1410 1533 1436 ex
1557 1396 1727 1448 simplici,
1750 1399 1882 1449 absque

262 1479 267 1484 ·
287 1458 419 1498 ramis,
455 1463 585 1493 trunco
606 1463 717 1493 exeat.

350 1511 570 1562 Hujulmodi
592 1517 839 1564 experimenta
858 1515 1140 1553 numerosiss'ima
1157 1518 1261 1554 etiam
1279 1519 1412 1554 invitus
1428 1517 1494 1554 feci
1508 1546 1516 1560 ,
1551 1518 1733 1566 didicique
1749 1546 1758 1560 ,
1788 1517 1880 1555 hanc

287 1575 467 1612 summam
485 1576 522 1611 in
547 1575 727 1623 replendis
759 1573 842 1611 vasls
870 1574 1118 1613 difficultatem
1148 1574 1234 1619 effe,
1268 1584 1307 1615 ut
1330 1576 1407 1613 satis
1434 1576 1598 1614 subtilem
1623 1576 1803 1625 liquorem
1827 1579 1884 1614 in-

287 1637 430 1675 venias,
470 1635 531 1682 qui
557 1635 595 1669 in
623 1635 775 1670 minima
804 1635 914 1670 etiam
943 1635 1020 1671 vasa
1049 1642 1237 1682 penetret,
1274 1647 1393 1684 neque
1415 1642 1540 1672 tamenv
1570 1629 1688 1671 nimis‘
1701 1645 1847 1672 tenuem
1866 1664 1883 1678 2.

287 1695 349 1743 qui
376 1695 413 1729 in
434 1692 623 1729 cellulosos
649 1692 791 1730 loculos
811 1692 968 1729 exsudet.
1006 1692 1085 1738 Qui
1111 1693 1310 1742 plurimum
1336 1696 1373 1730 in
1395 1693 1480 1731 valis
1505 1694 1714 1731 animalium
1740 1694 1882 1743 replem

286 1752 385 1790 disse
409 1753 569 1789 exercuit
584 1780 593 1794 ,
627 1751 827 1789 Fridericus
849 1751 881 1788 R
899 1764 920 1788 U
934 1764 955 1788 Y
971 1765 985 1789 s
1001 1764 1020 1788 e
1034 1765 1057 1788 H
1074 1765 1086 1788 1
1104 1764 1122 1788 υ
1143 1766 1157 1788 s
1171 1780 1180 1794 ,
1208 1753 1371 1801 plurimis
1392 1753 1481 1790 locis
1501 1753 1599 1790 hunc
1618 1760 1789 1790 eventum
1806 1753 1881 1790 desss

287 1813 411 1854 cribit,
439 1812 474 1847 &
495 1810 705 1859 sanguinem
726 1811 944 1848 rorismodo
961 1813 997 1848 in
1014 1811 1256 1848 tomentosam
1271 1812 1498 1850 substantiam
1520 1812 1682 1855 effundi,
1718 1813 1801 1849 inde
1820 1813 1882 1850 de>-

287 1872 391 1910 duxit
417 1870 432 1916 (
449 1869 463 1907 l
479 1871 495 1916 )
512 1898 520 1913 ,
554 1882 663 1919 quem
685 1870 870 1918 discipuli,
914 1871 950 1907 <Sc
975 1872 1142 1919 princeps
1173 1870 1203 1919 J.
1245 1869 1457 1919 Godofisseslus
1484 1871 1528 1908 de
1542 1870 1569 1908 B
1583 1883 1601 1907 E
1617 1884 1638 1907 11
1655 1883 1677 1907 G
1693 1883 1711 1907 E
1727 1884 1747 1908 R
1775 1873 1792 1917 (
1811 1884 1845 1908 m
1863 1874 1879 1918 )

288 1930 411 1980 pallini
435 1929 638 1979 sequuntur.
693 1929 832 1978 Aquam
870 1941 915 1966 ex
936 1931 1090 1971 arteriis,
1122 1930 1159 1965 in
1184 1942 1270 1978 quas
1297 1929 1447 1979 impulsa
1473 1930 1561 1973 fuit,
1607 1929 1775 1983 exsudare
1791 1958 1799 1972 ,
1843 1932 1879 1967 <Sc

289 2003 328 2027 ea
346 2001 468 2026 carnes
482 1990 647 2026 inebriari
663 2017 672 2031 ,
697 1989 818 2027 au&or
840 1989 888 2025 est
904 1988 1088 2034 johannes
1104 1988 1137 2026 G
1152 2000 1174 2025 o
1190 2001 1213 2024 T
1227 2001 1250 2025 'r
1264 2002 1278 2025 s
1294 2001 1313 2025 c
1329 2002 1353 2026 n
1368 2001 1386 2025 E
1400 2001 1422 2025 D
1442 1989 1500 2035 (n)
1512 2017 1520 2031 ,
1546 1989 1744 2027 Frldei‘icus
1760 1988 1795 2026 H
1809 2001 1831 2026 o
1845 2001 1880 2026 F·

290 2061 354 2085 MA
372 2061 394 2085 N
415 2061 437 2084 N
460 2061 479 2084 υ
499 2062 513 2085 s
545 2050 561 2095 (
578 2061 596 2085 ο
613 2048 651 2094 ),
688 2049 723 2085 δε
746 2047 944 2086 Alexander
965 2048 1023 2085 ST
1040 2060 1059 2084 υ
1075 2060 1094 2083 Α
1110 2060 1132 2084 R
1147 2059 1171 2083 T
1202 2050 1254 2096 (p
1268 2048 1293 2093 ).
1330 2047 1413 2085 Huc
1436 2047 1528 2085 forte
1549 2050 1705 2097 pertinet
1725 2049 1769 2095 J.
1793 2049 1880 2086 Con„

290 2109 368 2144 muli
392 2107 417 2145 P
436 2120 455 2144 E
469 2120 488 2144 Y
504 2120 523 2145 e
538 2120 587 2145 ar
618 2108 742 2151 locus,
774 2109 812 2144 in
834 2119 909 2156 quo
929 2107 1060 2156 legitur
1075 2135 1085 2150 ,
1121 2119 1239 2144 ceram
1269 2109 1307 2144 in
1333 2108 1472 2146 arterias
1487 2104 1624 2157 pulsam
1636 2107 1737 2145 facile
1754 2109 1790 2144 in
1808 2108 1878 2145 cel-

793 2161 796 2164 ’
1784 2166 1878 2205 Iulo-

332 2294 389 2329 (l)
413 2290 644 2330 Thesirur.anc1t.
665 2292 714 2323 lv.
738 2303 765 2323 n.
794 2278 841 2331 96.
867 2294 1117 2336 Promn.adtlff
1141 2296 1188 2327 Vl.
1206 2306 1232 2335 p
1256 2303 1300 2335 13.
1319 2297 1387 2326 &in
1403 2305 1437 2326 eo
1454 2293 1581 2335 tlufimro
1603 2293 1803 2332 n.125.thes.
1831 2295 1871 2326 X

290 2344 393 2371 12-35
423 2332 556 2372 7l<s1ur.
582 2335 698 2363 mwxin.
719 2344 745 2364 n
770 2345 813 2372 ¹9-
841 2345 898 2366 112.
921 2335 1044 2375 Aaivms
1063 2343 1142 2368 anat.
1167 2338 1188 2368 Ι.
1207 2347 1235 2368 n.
1257 2341 1284 2368 6.
1316 2336 1477 2374 Desizbric.
1494 2338 1589 2376 gland.
1610 2347 1639 2376 p.
1659 2337 1709 2374 67.

328 2375 408 2410 (m)
432 2377 475 2403 D
492 2380 589 2404 nitur.
614 2375 732 2404 humm.
757 2386 785 2413 p.
814 2386 878 2414 i7r.
1574 2408 1579 2411 ,

329 2417 396 2450 (n)
424 2415 519 2451 Aiud.
548 2415 627 2445 Iit.
650 2416 1509 2452 olin‘21SennexssmuainvitaRRUYsenu

331 2457 394 2492 to)
417 2454 452 2484 In
475 2454 542 2493 disp.
563 2456 595 2484 de
614 2453 745 2493 synovia.

327 2503 340 2534 i
351 2498 396 2534 p)
420 2497 461 2526 De
484 2502 551 2527 mot.
575 2496 613 2534 {ff
630 2496 732 2536 strmv.
754 2496 867 2537 mufiul.
887 2508 914 2538 p.
936 2509 981 2537 14.
1504 2495 1534 2525 ο
