2003 2748
437 153 630 195 SECT.
680 153 789 194 III.
852 152 1335 199 LYMPHATICA.'
1599 162 1680 204 191‘

82 249 362 299 senterica'rumj
398 252 624 304 quaerestum
648 251 857 290 intestinum
883 253 1099 301 posteriores
1124 256 1363 297 comitantur,
1398 252 1453 292 hae
1478 252 1579 294 sacrae
1607 257 1676 294 ite-'

84 327 168 353 rum
189 315 392 363 adtingunt.

147 374 265 412 Altera
294 383 416 411 catena
438 370 690 421 glandularum
716 370 765 407 est
782 398 791 412 ‚
830 381 909 419 quae
931 371 976 408 ad
1010 371 1128 410 femur
1150 385 1236 410 cum
1257 375 1381 411 arteria
1407 375 1444 412 &
1476 386 1565 413 vena
1594 377 1677 414 cru-5

81 433 146 472 tali
181 435 288 475 exit,
347 433 383 469 &
409 431 472 469 sub
505 430 700 467 abdomine
734 429 879 477 ejusque
916 430 1083 468 musculis
1107 460 1116 474 ,
1157 434 1195 468 in
1229 432 1334 470 iliaco
1362 435 1525 482 inprimis
1562 436 1674 472 inter-

83 504 135 530 no
153 491 317 529 musculo
341 493 434 527 inter
456 489 650 536 tricipitem
674 489 709 525 &
727 488 916 525 sartorium
940 490 1018 537 (t)
1055 492 1184 539 partim
1216 492 1252 527 in
1273 504 1441 529 acervum
1464 494 1642 542 congestae
1657 523 1669 538 ‚

80 552 211 601 partim
227 549 419 597 singulares
431 548 612 596 adparent.
648 547 739 590 illas,
758 558 842 584 curn
854 548 974 596 plures
988 547 1054 586 effe
1070 548 1304 592 credidissem,
1330 554 1527 589 accuratius
1546 566 1673 591 nume-

79 621 161 647 rans
177 637 186 651 ‚
222 616 377 657 quatuor
416 609 472 654 (u
492 607 512 654 )
544 607 667 643 inveni
687 634 696 648 ,
745 606 827 643 ocio
868 607 1018 644 faciebat
1059 607 1153 645 WH
1168 620 1191 645 A
1204 622 1224 645 n
1237 621 1260 645 T
1275 622 1298 646 0
1312 621 1337 645 N
1353 623 1373 646 υ
1389 623 1403 647 s
1450 613 1467 658 (
1486 613 1554 656 x).
1609 612 1672 648 In.

74 665 237 715 guinales
262 674 431 704 caeterum
448 678 467 702 a
490 664 571 702 sede
592 665 712 707 dicite,
747 665 904 703 celebres
931 667 979 703 ob
1008 667 1173 705 bubones
1206 667 1414 710 Venerem,
1454 672 1516 719 qui
1546 683 1671 709 earum

81 726 204 765 morbi
223 725 324 768 sunt,
364 727 400 762 &
418 725 506 774 saepe
531 723 710 761 scirrhosae
724 752 733 765 ‚
767 724 1001 774 aliquoul‘que
1021 738 1105 763 cum
1125 730 1266 775 magnis
1286 728 1451 773 vasorum
1474 731 1608 766 truncis
1625 729 1673 767 ad

80 785 245 823 medium
264 784 338 821 fere
351 784 539 821 sartorium
556 782 798 825 descendunt,
832 796 851 820 a
868 797 943 833 quo
962 785 1124 822 musculo
1135 786 1381 834 ffirturlarum
1398 800 1536 826 nomen
1549 788 1586 826 N
1599 801 1619 825 υ
1633 800 1673 826 c-

80 855 133 882 x1
148 856 170 880 υ
184 857 199 881 s
223 846 276 891 (y
297 841 313 893 )
342 842 486 886 sumsit,
524 842 568 878 ab
589 844 713 879 arteria
734 854 820 879 vero
847 842 1001 880 crurales
1028 844 1118 881 dixit
1144 845 1203 892 (z
1219 846 1245 891 ).

141 901 278 940 Sensim
309 904 459 940 rariores
492 901 614 945 fatiae,
665 903 703 938 in
730 901 868 950 poplite
897 902 1028 949 (cst)
1058 902 1130 940 fere
1160 903 1351 946 defluunt,
1396 917 1480 943 cum
1499 906 1537 942 in
1555 907 1640 944 tibia
1658 935 1671 950 ,

81 961 211 1004 fibula,
231 961 395 1010 pedeque
411 990 422 1006 ,
457 959 563 998 nullae
582 960 671 998 mihi
692 972 853 1009 unquam
872 962 1105 1000 occurrerint.
1141 961 1225 1012 Ipsae
1239 964 1430 1013 popliteae,
1462 967 1515 1004 uti
1536 966 1672 1004 ultimae

81 1019 409 1071 conglobatarum,
442 1021 490 1058 ita
516 1020 676 1057 minimae
701 1019 791 1057 sunt.

383 1132 416 1174 §-
450 1126 493 1167 Χ
508 1126 551 1166 Χ
566 1127 610 1166 V.
679 1126 843 1173 Utilitas,
872 1130 910 1166 in
918 1129 1059 1176 juniori
1077 1129 1227 1168 animale
1244 1131 1369 1178 major.

137 1236 308 1288 Exposita
329 1236 460 1275 fabrica
487 1236 533 1274 de
557 1236 709 1274 utilitate
733 1236 861 1275 harum
890 1237 1143 1286 glandularum
1168 1241 1349 1288 inquirere
1377 1240 1471 1278 licet.
1519 1240 1564 1279 Et
1598 1243 1674 1292 pri}

79 1310 186 1337 mum
204 1309 283 1335 eam
311 1298 348 1333 in
368 1298 503 1344 juniori
526 1295 676 1333 homine
696 1297 872 1343 majorem
903 1297 1064 1346 praestare
1087 1297 1264 1336 videntur.
1312 1298 1408 1336 Nam
1431 1301 1468 1336 in
1495 1301 1571 1339 fetu
1597 1315 1672 1340 ma-

77 1359 186 1407 ximae
203 1385 213 1399 ‚
248 1354 459 1393 molliffimae
474 1383 484 1398 ,
517 1354 613 1392 succi
629 1354 857 1404 pkmiffimae,
883 1357 968 1393 inde
989 1358 1026 1393 in
1043 1358 1179 1405 juniori
1196 1357 1349 1395 animale
1376 1361 1393 1406 (
1409 1371 1429 1395 a
1447 1361 1462 1404 )
1478 1372 1488 1405 3
1518 1362 1555 1397 in
1570 1361 1671 1398 adul-

79 1423 120 1455 to
150 1418 223 1465 jam
252 1415 415 1453 duriores
442 1415 479 1451 &
504 1413 726 1462 strigofiores
748 1414 853 1458 sunt,
893 1416 929 1453 δι
955 1428 1076 1454 earum
1099 1429 1173 1454 non
1200 1430 1320 1466 paucae
1348 1420 1503 1456 omnino
1530 1420 1672 1458 evanes-

75 1488 159 1514 cere
180 1475 347 1511 videntur
378 1472 482 1522 (b),
518 1486 595 1510 non
624 1474 727 1522 quod
752 1487 835 1511 vere
855 1474 1098 1518 destruantur,
1133 1475 1191 1512 sed
1219 1476 1320 1525 quod
1350 1477 1527 1515 solidioris
1549 1488 1671 1517 textus

81 1533 243 1573 cellulofi
268 1533 438 1569 adtraffio
464 1532 555 1569 adeo
583 1534 730 1581 exiguas
755 1533 880 1570 fecerit
903 1531 919 1583 (
939 1545 957 1570 c
972 1534 989 1579 )
1005 1562 1015 1576 ,
1047 1541 1089 1571 ut
1112 1536 1229 1572 obiter
1248 1536 1426 1577 intuenti,
1464 1539 1622 1575 maxime
1645 1536 1672 1575 fi

78 1600 248 1644 praeterea
278 1591 385 1640 adeps
415 1603 470 1628 eas
497 1592 649 1633 texerit,
688 1594 843 1629 omnino
866 1604 943 1629 non
966 1591 1067 1630 facile
1093 1594 1293 1643 adpareant.
1330 1593 1427 1631 Nam
1444 1597 1483 1633 in
1513 1598 1671 1634 maxime

75 1652 210 1690 adultis
239 1650 454 1699 corporibus
474 1657 568 1695 certe
599 1649 769 1698 thymum
796 1653 834 1688 in
860 1651 1060 1688 mediastini
1084 1664 1189 1690 cavea
1215 1653 1398 1700 distinguo
1418 1682 1426 1696 ‚
1470 1656 1505 1691 δε
1531 1656 1569 1692 in
1594 1668 1670 1693 me-

78 1711 254 1753 fenteri0‚
292 1711 400 1747 etiam
425 1709 509 1747 recti
537 1708 723 1752 intestini,
760 1710 834 1747 suas
857 1710 1054 1758 glandulas.
1089 1712 1227 1761 Aliquae
1254 1714 1292 1749 in
1313 1712 1441 1750 adultis
1463 1715 1569 1751 etiam
1594 1726 1670 1752 ma-

80 1770 281 1808 nifestiores
308 1769 400 1807 fiunt
419 1797 430 1812 ,
469 1768 571 1818 quod
596 1768 720 1806 colore
741 1768 776 1807 se
805 1772 919 1819 magis
945 1770 1111 1814 efferant,
1157 1773 1210 1809 uti
1234 1771 1278 1808 de
1303 1772 1571 1811 bronchialibus
1601 1786 1670 1811 no-

80 1835 162 1879 tum
186 1828 245 1865 est.

141 1887 214 1925 Sed
230 1889 336 1927 etiam
360 1887 509 1932 succus,
545 1889 609 1939 qui
631 1887 761 1927 laneus
781 1890 819 1927 in
840 1889 1019 1939 glandulis
1042 1890 1263 1929 infantilibus
1284 1891 1319 1928 &
1338 1891 1515 1941 plurimus
1546 1891 1642 1929 adest
1655 1897 1671 1936 ,‘

1632 1963 1671 1989 ιιι

122 2016 198 2054 (t)
220 2016 398 2047 Cowrnn
426 2023 557 2054 myntom.
587 2018 618 2048 in
644 2018 695 2049 fol.
719 2018 757 2049 T.
781 2030 824 2055 55.
846 2020 866 2049 f.
894 2028 918 2048 1.
935 2019 964 2049 in
985 2019 1100 2056 append.
1126 2018 1164 2046 all
1185 2018 1390 2048 announ
1415 2017 1449 2047 T.
1474 2016 1496 2047 l.

123 2058 138 2093 (
155 2059 202 2092 u)
230 2058 301 2088 Tres
327 2058 494 2095 disgregatas
518 2059 616 2095 pinxi,
649 2069 752 2096 nempe
771 2061 806 2089 de
826 2059 872 2089 sua
895 2060 958 2089 sede
976 2068 1116 2090 remotas.
1142 2059 1235 2096 deque
1254 2058 1324 2090 valis
1342 2058 1521 2097 pendentes,
1549 2058 1581 2088 in
1596 2059 1667 2091 Ταῦ,

79 2103 140 2129 art.
165 2099 223 2135 ped.
254 2108 277 2128 1.
298 2097 425 2137 fasciculi
444 2097 478 2129 V.
504 2107 624 2137 quatuor
645 2100 676 2129 in
698 2101 770 2130 Tab.
796 2107 852 2131 art.
880 2106 932 2130 tot.
960 2109 1032 2138 corp.
1063 2107 1155 2131 anter.

197 2140 209 2175 )
232 2138 250 2168 l.
275 2148 300 2169 c.
333 2150 352 2168 2.
380 2145 446 2175 188·

197 2180 210 2216 )
232 2179 249 2209 1.
277 2189 300 2209 c.
322 2149 335 2178 ι

200 2219 255 2256 >L
280 2229 305 2250 c.
328 2220 504 2250 Runa-1<
532 2220 552 2251 1.
575 2220 677 2260 affl

153 2271 171 2288 a
202 2259 393 2297 )Glandulas
419 2262 449 2290 in
474 2261 582 2298 poplite
605 2262 712 2293 habent
725 2262 768 2294 cl.
788 2263 841 2294 viri
859 2264 1112 2300 Coruinus,
1131 2262 1167 2295 T.
1182 2262 1488 2295 Wmm-nouu
1503 2273 1538 2300 s,
1562 2263 1672 2296 Nuc-

140 2309 212 2335 us,
238 2301 264 2329 m
281 2311 435 2335 γιιυς,
460 2301 707 2334 ΗΒιετειιυε
731 2305 757 2335 11,
785 2314 827 2335 ce.

152 2352 169 2370 a
186 2342 200 2377 )
224 2343 322 2371 Marc.
346 2342 367 2371 L
383 2352 415 2372 is
427 2352 448 2371 T
463 2352 476 2371 n
488 2352 506 2371 R
532 2344 566 2372 de
585 2344 726 2377 humorib.
754 2356 780 2384 p,
805 2357 832 2381 7.

121 2381 168 2417 (b
185 2383 199 2420 )
219 2381 262 2411 De
283 2381 471 2412 mesenten'cis
499 2385 663 2414 fridericus
681 2385 707 2416 R
724 2396 743 2416 u
755 2397 777 2416 Y
790 2396 802 2415 s
815 2397 832 2416 c
844 2397 866 2416 Η
891 2382 1000 2424 αᾱυεζΙΪ
1017 2391 1095 2415 nnat.
1122 2384 1175 2417 111.
1205 2396 1233 2416 n.
1265 2395 1294 2420 7.

129 2421 144 2457 (
164 2424 209 2458 c)
229 2421 265 2452 in
285 2422 329 2452 his
350 2423 491 2461 glandulis
516 2426 656 2455 rationem
677 2425 757 2458 solidi
779 2427 815 2459 ad
832 2428 953 2461 fluidum
978 2435 1119 2467 perpetuo
1142 2427 1238 2468 augeri
1255 2427 1333 2459 neoc
1353 2432 1454 2459 monet
1478 2426 1527 2460 Cr.
1540 2437 1552 2458 1
1565 2436 1684 2458 ιπιηηιτμ

88 2462 503 2500 ,Ψιητιικειωκι
529 2475 553 2498 c.
578 2476 610 2505 p.
637 2471 706 2502 208.
1099 2481 1102 2484 ’

158 2149 179 2167 ²⁴

151 2190 174 2216 ,Ὺ

159 2229 177 2248 z

174 2260 186 2273 ι

79 2309 102 2330 x

121 2340 135 2376 fl
117 2311 127 2329 ’¹'
121 2139 138 2295 βῆν-«ΛΑ
