2003 2748
264 151 360 189 444
806 134 1133 177 zrarV.
1198 132 1373 176 corr.

273 236 523 286 Non—poterat
541 246 617 271 non
630 262 639 276 ‚
674 233 733 271 vel
752 232 964 271 debilissima
978 262 987 277 ‚
1025 235 1076 271 vis
1091 232 1309 271 contrac‘tilis
1333 231 1421 270 vasis
1444 231 1507 270 fiffi
1537 245 1616 271 eam
1637 227 1768 273 flmam
1789 245 1882 274 con·

273 296 399 346 spicuo
413 294 527 332 modo
548 292 701 336 auxisse,
726 305 878 342 eamque
900 295 1144 331 mutationem
1166 292 1411 342 microscopio
1433 300 1589 331 armatus
1609 293 1738 331 oculus
1758 306 1880 343 perce·

271 355 396 406 piss'et,
432 355 539 391 etiam
551 352 575 390 fi
589 366 629 391 ea
649 353 767 391 multo
777 352 932 403 globulo
951 353 1147 402 sanguineo
1165 355 1285 390 minor
1303 351 1428 390 fuiffet.
1447 351 1591 396 Pulsus,
1623 353 1659 390 ἃ
1672 355 1808 391 arteriae
1827 354 1882 391 di-

256 416 387 453 *latatae
405 412 639 458 subsidentia,
661 413 793 463 absque
806 412 1051 462 microscopio
1076 415 1113 450 in
1138 412 1279 451 vasculo
1300 411 1434 450 sextam
1446 421 1585 462 partem
1609 412 1712 450 lineae
1735 413 1810 451 lato
1821 413 1882 450 ad=

273 481 384 525 paret.
420 472 490 511 Sed
508 475 618 518 rima,
654 473 799 523 qualem
818 473 998 516 diximus,
1032 473 1278 523 microscop'io
1306 472 1470 510 adhibito
1493 470 1634 516 multo,
1671 485 1780 523 quam
1793 472 1883 521 ejus}-

273 533 379 572 modi
399 531 604 576 vasculum,
640 534 757 581 major
785 533 939 582 adparet.

334 592 451 631 Porro
471 593 707 631 immobilitas
728 592 894 631 vasorum
916 594 1099 641 majorum
1115 595 1369 635 mimorumve,
1407 594 1515 630 etiam
1537 593 1582 630 ad
1608 594 1802 632 acerrimos
1824 593 1883 630 sti-

273 654 396 692 mulos
417 653 497 702 (d)
518 666 581 703 per
597 653 759 703 pericula
779 653 898 690 nostra
925 653 1134 690 confirmata
1148 681 1156 695 ,
1182 665 1268 695 gnon
1296 653 1439 691 videtur
1451 652 1658 695 admittere,
1702 653 1821 690 lenem
1841 652 1884 690 il-

268 713 345 751 lam
365 713 548 763 sanguinis
567 712 697 764 inpulsi
719 714 957 752 irritationem
978 714 1120 750 arterias
1151 712 1196 750 ad
1217 719 1361 750 motum
1383 711 1592 755 sollicitare,
1627 724 1712 750 cum
1731 724 1811 756 aer,
1846 725 1883 751 aa

273 785 365 824 qua,
400 773 568 817 alcohol,
597 774 632 811 δι
655 785 839 811 venenum
862 772 1068 810 chemicum
1090 772 1178 810 nihil
1195 772 1307 810 simile
1319 773 1471 822 praestet.

334 833 662 877 Inflammationes,
697 846 785 884 quas
803 833 949 870 adducit
979 835 1036 869 .vir
1056 832 1108 871 Cl.
1151 845 1228 871 non
1259 832 1430 871 videntur
1450 833 1526 880 ejus
1565 833 1732 882 opinioni
1750 832 1883 871 favere}

269 892 376 931 Pone
388 893 560 931 alternam
578 894 727 944 quidem
742 922 751 936 ‚
782 893 841 932 sed
862 893 1073 930 celeriorem
1098 893 1133 930 &
1146 894 1394 942 potentiorem
1410 921 1419 935 ‚
1454 893 1702 930 arteriolarum
1716 903 1883 930 contracae

269 955 414 991 tionem
436 955 474 990 in
497 967 542 992 eo
559 954 692 991 morbo
720 952 806 996 esse,
844 965 920 990 non
936 953 1020 991 ideo
1045 955 1082 989 in
1106 952 1192 990 vasls
1215 954 1376 990 minimis
1397 952 1539 1001 sanguis
1574 953 1721 990 retineri
1753 952 1881 999 debet3

272 1012 339 1050 nifi
367 1013 453 1051 velit
486 1015 539 1052 vir
568 1013 620 1053 Cl.
658 1013 797 1051 causam
826 1014 1021 1057 circuitus,
1055 1011 1119 1050 fibi
1140 1013 1290 1062 quidem
1319 1014 1555 1062 primariam,
1590 1013 1756 1050 circuitui
1788 1011 1883 1049 refis-

271 1079 368 1116 tere,
404 1074 553 1123 quando
586 1075 773 1123 potentius
810 1080 998 1122 operatur,
1046 1080 1166 1111 totum
1196 1085 1329 1122 nempe
1350 1083 1456 1123 parte
1490 1074 1610 1110 minus
1647 1071 1735 1109 esse:
1770 1070 1881 1110 Aucta

262 1134 371 1170 venim
394 1135 429 1170 vi
450 1133 649 1171 contractili
663 1161 671 1176 ‚
712 1145 731 1171 a
747 1145 819 1183 qua
835 1132 1046 1182 sanguinem
1064 1135 1111 1170 ait
1130 1134 1363 1182 promoveri,
1385 1132 1534 1171 celerius
1563 1145 1626 1183 per
1639 1131 1780 1170 vascula
1804 1132 1883 1169 irri-

272 1200 344 1230 tata
368 1192 580 1242 sanguinem
599 1195 725 1243 utique
749 1192 894 1231 transire
913 1200 1082 1242 oportet,
1119 1206 1195 1231 non
1223 1193 1393 1242 stagnare.
1431 1192 1467 1231 Si
1485 1201 1699 1242 perpetuam
1717 1200 1882 1229 contrac-

266 1253 414 1290 ¹tionem
441 1253 591 1297 feceris,
631 1254 792 1296 faceret,
829 1253 933 1302 quod
952 1253 1034 1291 facit
1053 1255 1222 1302 perennis
1248 1252 1488 1305 compressit),
1523 1254 1558 1290 δι
1585 1254 1786 1290 exinaniret
1811 1252 1881 1289 uti=

272 1323 346 1362 que
368 1311 444 1350 vasa
468 1315 618 1351 minima
634 1343 642 1356 ‚
678 1313 883 1363 pallidaque
909 1326 977 1362 pro
995 1314 1110 1350 rubris
1130 1313 1307 1350 redderet⁶

333 1370 498 1410 Demum
512 1373 1062 1422 peristalticamcontractionem
1079 1376 1288 1411 arteriarum
1301 1380 1470 1423 oportere
1482 1371 1744 1411 demonstrasse.
1784 1371 1883 1410 Intess

272 1432 362 1470 stina
389 1432 586 1482 cylindrica
615 1432 720 1476 sunt,
761 1435 1002 1471 terminantur
1040 1434 1079 1470 in
1105 1433 1208 1471 latius
1241 1434 1533 1483 receptaculum,
1572 1435 1718 1472 initium
1746 1433 1881 1470 habent

272 1492 513 1530 aventriculo
540 1494 654 1541 magis
682 1492 853 1530 irritabili.
889 1493 942 1531 lta
969 1493 1207 1542 intelligitur,
1241 1506 1359 1531 aerem
1376 1522 1385 1536 ‚
1426 1501 1487 1532 aut
1512 1493 1682 1531 cibariam
1711 1491 1877 1536 massam,

273 1551 406 1590 debere
434 1551 628 1591 necessario
651 1553 782 1595 ultimo
808 1554 846 1590 in
866 1553 1042 1603 amplius,
1089 1554 1124 1598 &
1151 1555 1271 1592 minus
1292 1554 1465 1591 irritabile
1495 1552 1764 1603 receptaculum
1791 1565 1882 1591 con-

272 1613 424 1661 gregari.
463 1611 515 1651 Eo
537 1619 659 1650 tamen
677 1626 716 1650 ea
733 1612 838 1651 malla
853 1614 934 1663 post
955 1615 1071 1651 varios
1095 1621 1217 1652 motus
1242 1614 1409 1663 prorsum
1434 1613 1675 1652 retrorsumve
1694 1613 1876 1657 volutata,

272 1670 351 1709 sero
373 1672 528 1710 advenit.
564 1673 600 1710 Si
625 1674 924 1723 conparationem
945 1674 989 1711 ad
1011 1675 1152 1711 arterias
1184 1674 1401 1712 transtuleris
1420 1703 1429 1717 ,
1472 1674 1656 1724 adparebit
1673 1675 1710 1710 in
1738 1675 1880 1711 minora

272 1732 389 1779 magis
415 1732 452 1768 &
475 1734 617 1770 minora
638 1733 776 1771 vascula
804 1733 1024 1783 sanguinem
1046 1736 1192 1783 urgeri,
1232 1736 1394 1784 apprime
1426 1747 1489 1784 per
1512 1734 1723 1772 sententiam
1748 1732 1801 1771 Cl.
1828 1735 1881 1770 vi-

265 1790 329 1832 ri,
369 1791 560 1828 irritabilia.
597 1791 723 1836 Quare
753 1805 852 1841 pone
872 1794 1082 1842 exemplum
1117 1795 1278 1832 duorum
1301 1806 1511 1837 ramorum,
1562 1794 1674 1842 longe
1706 1792 1881 1842 cylindri⁴

272 1860 403 1887 corum
418 1877 427 1891 ,
465 1850 724 1898 angustorum,
754 1853 816 1900 qui
839 1863 884 1890 ex
910 1864 986 1888 uno
1015 1853 1185 1889 trunculo
1208 1853 1404 1889 nascantur.
1438 1853 1506 1889 Fac
1529 1855 1567 1888 in
1586 1854 1626 1889 iis
1646 1851 1792 1889 vasculis
1811 1850 1879 1888 esse

272 1910 349 1946 ’vim
362 1909 606 1947 contractilem
621 1939 630 1952 ,
659 1918 880 1959 motumque
900 1910 1122 1949 oscillantem
1134 1940 1142 1953 ,
1172 1911 1378 1960 praevalebit
1392 1911 1491 1948 idem
1505 1913 1553 1949 ob
1571 1910 1757 1948 crassitiem
1778 1911 1875 1959 (e),

270 1968 311 2006 <a
323 1968 531 2006 densitatem
545 1967 614 2017 (f)
628 1998 636 2011 ‚
658 1970 694 2006 ὃς
707 1971 883 2018 majorem
895 1968 1118 2020 superficiem
1136 1969 1396 2017 (g)irritatam
1413 1971 1571 2008 trunculi
1584 2000 1592 2014 ,
1617 1983 1662 2008 ex
1678 1983 1752 2021 quo
1770 1972 1806 2008 hi
1824 1983 1877 2009 ra-

272 2029 325 2065 mi
342 2028 555 2072 nascuntur,
582 2028 633 2066 illi
656 2031 801 2074 motui,
838 2042 949 2080 quem
974 2042 1032 2067 vas
1055 2032 1192 2078 majus,
1226 2030 1450 2068 contractum
1469 2059 1477 2073 ‚
1514 2043 1636 2068 cavam
1653 2030 1879 2081 superficiem

272 2089 456 2125 minorem
488 2089 642 2131 habens,
689 2089 882 2140 minusque
909 2089 1060 2127 densum
1077 2119 1087 2133 ‚
1125 2091 1157 2127 ei
1177 2089 1343 2139 inpreffit.
1395 2090 1493 2139 Ergo
1519 2091 1712 2141 repelletur
1737 2090 1878 2139 sanguis

258 2147 317 2187 ,ab
347 2160 386 2185 ea
410 2149 656 2186 contrafflOne
679 2151 888 2188 arteriarum
915 2151 1149 2188 minimarum
1166 2179 1175 2193 ,
1212 2163 1319 2199 quam
1349 2150 1469 2187 sumsit
1497 2152 1550 2188 vir
1565 2149 1623 2189 Cl.
1657 2152 1693 2188 δε
1722 2158 1880 2188 retroce-

273 2205 359 2249 det,
397 2207 516 2245 donec
544 2221 561 2245 a
583 2221 677 2246 nova
702 2210 799 2247 unda
819 2210 999 2259 sanguinis
1026 2222 1071 2247 ex
1088 2210 1199 2248 corde
1222 2209 1384 2248 submissa
1408 2210 1601 2258 superetur.
1638 2209 1712 2248 Erit
1730 2211 1821 2249 adeo
1839 2222 1880 2248 ea

266 2266 347 2312 svis,
384 2278 493 2314 quam
508 2280 576 2316 pro
596 2268 695 2307 causa
720 2270 883 2309 auxiliari
907 2272 1077 2310 circuitus
1095 2270 1280 2320 sanguinei
1294 2270 1414 2321 posuit
1427 2273 1478 2309 vir
1502 2270 1554 2310 Cl.
1578 2273 1734 2309 omnino
1756 2270 1875 2313 causa,

1801 2342 1879 2382 quae

474 2380 509 2410 Π.
535 2391 562 2411 n.
591 2389 636 2419 ις,

311 2378 448 2457 ἑὶξὲ
472 2420 497 2451 11
531 2431 552 2451 n
590 2433 633 2457 14,

311 2460 364 2508 (vg
385 2462 398 2500 )
420 2461 452 2494 L,
476 2462 516 2500 H.
539 2472 568 2494 n.
595 2469 640 2500 ³8·
