2003 2748
320 133 510 174 SECT.
561 132 607 174 V.
651 128 1518 179 CAUSSAEMOTUSCORD18‚
1642 141 1722 181 483

112 244 241 272 omnes
255 231 313 269 alii
325 231 496 274 musculi,
513 230 571 268 vel
589 243 634 269 ex
652 243 848 281 paucarum
865 227 1036 267 horarum
1053 238 1155 266 motu
1172 258 1181 272 ‚
1197 228 1233 265 δε
1249 228 1386 266 intense
1402 227 1568 270 doleant,
1605 229 1640 266 &
1668 229 1729 267 las.

117 291 282 330 fitudinis
300 289 400 329 sensu
422 290 639 329 intolerabili
660 292 912 340 opprimantur
926 319 934 333 ‚
969 288 1006 326 id
1030 288 1179 338 quidem
1201 290 1328 338 utique
1345 301 1363 326 a
1379 288 1500 326 cordis
1520 288 1654 327 fabrica
1674 301 1728 327 re-

117 359 241 402 petere
265 359 439 400 oportet,
474 362 552 388 non
572 363 591 387 a
616 352 745 388 mentis
777 350 899 399 aliquo
911 349 1044 387 favore.

179 410 326 449 Deinde
358 412 504 448 interim
529 409 707 448 monuisse
737 407 905 453 sufficiat,
940 407 1057 447 classes
1076 407 1326 446 musculorum
1358 408 1539 446 voluntati
1571 408 1729 446 obnoxi-

120 483 255 514 orum,
291 482 521 519 eorumque,
570 472 633 519 qui
671 470 767 507 vitali
792 471 947 519 imperio
975 476 1175 517 reguntur,
1213 475 1387 505 aeternum
1417 468 1503 505 fixas
1542 467 1632 512 effe,
1666 481 1731 506 ne-

118 543 191 580 que
218 532 257 567 in
286 530 364 568 ullo
396 529 547 567 homine
570 536 631 566 aut
658 529 884 567 arbitrarium
905 529 1063 578 aliquem
1089 527 1294 566 musculum
1324 528 1361 564 in
1391 527 1625 577 spontaneam
1647 528 1731 566 clas-

117 589 192 628 sem
217 588 361 627 translre
381 615 391 632 ,
428 595 490 626 aut
510 587 658 626 viciffim
690 588 834 625 vitalem
857 588 1061 627 musculum
1088 589 1124 624 in
1157 599 1236 624 eam
1263 587 1418 635 migrare
1445 589 1582 625 tribum
1600 616 1609 630 ,
1649 600 1729 637 quae

117 649 298 687 voluntati
330 647 551 697 obsequitur.
586 647 789 697 Nunquam
825 659 890 686 cor
911 677 920 692 ,
956 660 1149 697 nunquam»
1168 647 1415 690 ventriculus,
1452 659 1640 696 nunquam
1673 649 1729 684 in-

116 708 244 746 testina
272 707 452 746 voluntati
481 707 722 751 obedierunt,
759 719 883 757 neque
913 716 973 746 aut
1003 706 1145 757 pulsum
1168 708 1275 744 citare
1310 706 1434 745 datum
1465 707 1632 749 fuitum,
1669 713 1732 744 aut

117 769 279 810 tardare,
313 774 374 805 aut
404 779 578 810 vomere,
614 775 675 805 aut
706 767 827 805 alvum
859 767 990 818 absque
1008 767 1153 804 stimulo
1173 766 1325 804 naturali
1351 779 1575 809 exonerare,
1609 779 1729 816 neque

118 826 306 877 quisquam
343 826 474 864 stimuli
507 827 604 869 vim,
639 834 700 864 aut
730 826 970 864 diversitatem
1003 826 1213 864 indolentiae
1244 827 1394 873 alicujus
1425 828 1460 864 &
1492 828 1725 869 irritationis,

116 888 158 924 in
178 886 297 924 cordis
325 885 451 935 systole
477 894 539 924 aut
565 886 733 929 diastole,
768 889 935 937 percepit
959 886 1018 934 (d
1032 888 1056 933 ).
1096 885 1175 931 Qui
1210 888 1377 923 omnium
1407 885 1615 923 seculorum
1642 898 1730 923 una-

116 947 210 984 nimi
253 947 481 995 experientiae
530 945 625 983 folus
666 948 900 996 opponitur,
968 948 997 984 is
1047 945 1199 995 quidem
1236 945 1402 983 tribunus
1442 955 1503 984 aut
1549 945 1627 983 solo
1667 945 1729 983 de-

116 1007 245 1045 cubitu
273 1004 402 1054 supino
433 1007 515 1052 (e)
534 1004 676 1055 pulsum
707 1005 812 1044 suum
839 1006 1011 1055 languere
1046 1006 1193 1054 coegit,
1228 1012 1289 1044 aut
1314 1005 1455 1055 spiritus
1482 1005 1669 1049 tarditate,
1703 1004 1733 1044 st

118 1067 275 1104 omnino
301 1065 437 1115 aliquid
468 1067 505 1103 in
539 1078 579 1103 ea
608 1065 753 1103 historia
785 1068 860 1103 veri
890 1066 948 1103 est.
984 1063 1123 1104 Frustra
1154 1065 1213 1102 hic
1242 1064 1440 1102 advocatur
1472 1065 1725 1109 consuetudo,

117 1136 198 1174 quae
219 1137 406 1174 nunqua-m
428 1124 546 1163 classes
562 1125 808 1163 musculorum
826 1138 844 1163 a
863 1134 988 1165 natura
1009 1125 1171 1163 definitas
1196 1125 1325 1162 turbat.
1361 1124 1535 1174 Spiritum
1559 1126 1732 1163 ducimus

115 1184 227 1221 noctu
251 1184 408 1234 diuque,
443 1184 592 1222 infinitis
618 1185 762 1223 alternis
792 1186 951 1223 vicibus:
987 1198 1099 1223 nemo
1127 1194 1249 1223 tamen
1282 1184 1490 1222 mortalium
1519 1184 1731 1223 facultatem:

115 1242 231 1281 amisit
247 1272 255 1286 ,
294 1256 364 1293 qua
395 1256 463 1293 pro
480 1245 629 1282 arbitrio
651 1244 739 1288 suo,
774 1253 835 1283 aut
861 1247 1069 1283 contentius
1085 1245 1213 1294 spirare
1227 1244 1359 1294 potest,
1394 1252 1455 1282 aut
1474 1243 1624 1282 vicissim
1651 1245 1727 1282 aui-

115 1315 212 1341 mam
231 1302 454 1352 suspendere.
487 1304 743 1354 Palpebrarum
760 1305 926 1354 regimen
942 1305 1039 1343 nulla
1055 1314 1204 1343 centum
1226 1316 1406 1342 annorum
1437 1304 1529 1342 adeo
1557 1304 1732 1354 frequens>

116 1363 291 1401 meritati-0
319 1365 433 1401 menti
468 1365 597 1413 eripit,
633 1376 753 1414 neque
786 1364 955 1403 definunt
983 1377 1147 1414 unquam
1177 1376 1247 1414 pro
1275 1364 1444 1406 arbitrio,
1479 1371 1542 1402 aut
1567 1365 1729 1402 crebrius

62 1417 64 1421 ⁴
117 1422 304 1466 contrahi,
340 1432 400 1461 aut
418 1423 833 1474 acontrafflonealiquo
851 1432 1017 1474 tempore
1042 1433 1251 1473 temperare.
1287 1422 1476 1461 Gladiator
1502 1422 1601 1472 (f),
1637 1436 1731 1461 con·

116 1491 170 1519 tra
198 1494 274 1520 eam
313 1483 565 1531 palpebrarum
585 1484 819 1522 metationem
837 1513 846 1527 ‚
882 1497 960 1534 quae
991 1497 1011 1522 a
1037 1493 1136 1522 metu
1165 1483 1225 1526 fit,
1263 1481 1448 1520 constante
1470 1485 1593 1520 animo
1619 1484 1728 1521 obni-

115 1553 183 1579 xus
201 1570 211 1585 ‚
247 1542 427 1585 obtinuit,
463 1545 503 1581 ut
533 1544 682 1580 inmotis
700 1556 814 1593 porro
832 1544 968 1586 oculis,
1004 1543 1273 1593 palpebrisque,
1308 1552 1434 1581 contra
1461 1543 1582 1592 plagas
1609 1544 1729 1580 inten-

117 1608 203 1639 tatas
229 1600 427 1651 respiceret.
462 1602 595 1652 Neque
619 1603 747 1641 desunt
774 1607 1024 1654 experimenta
1041 1632 1049 1646 ,
1089 1616 1134 1641 ex
1170 1603 1302 1653 quibus
1322 1602 1509 1645 ostendas,
1544 1604 1582 1640 in
1613 1602 1729 1640 vitali-

117 1661 185 1698 bus
212 1663 358 1709 organis
385 1661 686 1701 consuetudinem
723 1663 819 1701 illam
837 1665 1077 1713 interrumpi,
1112 1662 1304 1713 pluresque
1333 1662 1465 1704 horas,
1502 1661 1646 1712 diesque
1670 1663 1728 1700 in-

117 1720 325 1764 tercedere,
361 1722 491 1770 quibus
514 1734 557 1759 ne
578 1721 686 1758 semel
711 1723 860 1772 quidem
884 1736 923 1760 ea
956 1736 1092 1772 organa
1123 1729 1359 1759 moveantur:
1396 1723 1432 1759 δε
1465 1721 1615 1759 vicissim
1644 1723 1727 1771 post

114 1778 256 1828 insigne
278 1781 507 1818 intervallum
525 1780 567 1817 ad
586 1789 730 1818 motum
750 1781 920 1819 redeant:
956 1795 1033 1820 non
1056 1783 1141 1820 ideo
1166 1789 1286 1818 tamen
1306 1773 1393 1817 novi
1413 1781 1452 1817 hi
1478 1789 1601 1819 motus
1637 1794 1726 1819 con-

113 1837 291 1882 scientiae,
326 1847 386 1876 aut
411 1841 560 1877 arbitrio
578 1842 708 1877 mentis
735 1840 973 1887 subjiciuntur
996 1854 1169 1892 unquam.
1208 1839 1268 1878 De
1299 1840 1380 1877 alvo
1399 1852 1464 1888 per
1483 1842 1716 1889 septimanas,

114 1910 256 1949 perque·
282 1898 419 1935 menses
449 1901 551 1947 pigra
577 1911 632 1935 res
663 1898 841 1936 notiffima
875 1901 948 1936 est:
984 1913 1103 1949 neque
1139 1901 1201 1938 ulli
1228 1900 1396 1941 homini,
1430 1899 1474 1936 ab
1503 1912 1543 1937 ea
1572 1900 1724 1939 consue-

114 1958 251 1997 tudinis
281 1959 566 2006 interruptione,
602 1964 725 1995 motus
745 1958 978 2006 peristalticus
999 1960 1037 1996 in
1050 1959 1252 1998 satellitium
1272 1958 1465 1996 voluntatis
1477 1959 1620 1997 transsit.
1658 1960 1719 1999 Sic

117 2017 238 2055 cordis
266 2019 372 2054 etiam
408 2027 529 2055 motus
560 2029 578 2053 a
607 2016 744 2054 summa
777 2018 980 2062 debilitate,
1016 2019 1197 2068 sanguinis
1230 2019 1387 2066 jactura,
1423 2018 1722 2058 convulfionibus

115 2077 300 2127 hystericis
328 2076 542 2125 praegreffis‚
578 2075 821 2114 submersione
842 2076 905 2115 sub
935 2080 1035 2122 nive,
1077 2079 1187 2117 subve
1219 2091 1331 2128 aqua,
1367 2078 1466 2116 horis
1495 2079 1694 2128 diebusque
1707 2096 1722 2124 ,·

117 2149 236 2186 neque
249 2136 481 2186 paucissimis,
516 2137 659 2186 penitus
675 2135 916 2185 subprimitur.
953 2137 1146 2176 Innumera
1163 2138 1327 2187 exempla
1344 2138 1495 2187 collegit
1515 2139 1567 2178 Cl.
1604 2138 1722 2177 Bau-

117 2208 145 2234 H
160 2208 172 2234 1
186 2208 243 2234 Biz
285 2196 395 2245 (g),
447 2208 559 2245 pauca
585 2207 655 2245 ego
673 2196 876 2235 recensebo.
914 2197 996 2236 Post
1013 2200 1143 2247 viginti
1165 2198 1261 2236 horae
1279 2199 1418 2236 minuta
1439 2198 1494 2247 (h
1511 2206 1546 2250 )‚
1584 2199 1619 2236 &
1639 2199 1721 2248 post·

1080 2256 1106 2295 P
1123 2271 1146 2307 p
1163 2270 1186 2307 p
1252 2268 1273 2295 2
1658 2260 1720 2296 tri-

229 2310 527 2344 §Sur—:namus
550 2312 790 2352 p..rae·l'cep68

231 2353 243 2385 )
265 2351 306 2381 Ea
325 2352 363 2382 est
384 2352 426 2382 Cl
443 2352 551 2389 Boni),
579 2356 615 2384 de
629 2356 771 2386 Stahliana
789 2355 861 2386 secta
876 2356 1037 2396 scriptoris,
1059 2356 1121 2386 miri
1135 2354 1319 2397 phaenomeni
1332 2355 1533 2396 interpretatio
1546 2354 1564 2387 l.
1581 2365 1604 2389 c.
1619 2366 1649 2395 p.
1669 2361 1714 2394 Π.

192 2392 646 2427 >Pon-mmmmm.
671 2407 694 2425 c
727 2406 756 2435 p.
779 2406 846 2437 215

226 2434 237 2460 i
265 2435 305 2462 De
323 2434 513 2482 l‘incertitudr
537 2438 569 2464 de
592 2438 616 2465 la
641 2444 724 2468 mort.
