2003 2748
285 134 337 174 56
802 113 929 158 [113.
964 116 1035 157 II.
1099 111 1330 157 VASA:

282 220 385 260 facile
415 218 556 260 cessuris
577 216 651 256 aliis
680 215 845 265 corporis
867 214 1027 264 partibus
1051 212 1268 254 ambiretur,
1310 209 1376 248 alia
1396 208 1628 250 immobilem
1663 208 1780 262 finum
1801 206 1882 247 offis

285 288 444 323 teneret,
485 279 637 319 minime
654 276 703 314 est
722 275 887 318 dubium,
907 275 995 324 quin
1016 286 1034 311 a
1058 270 1259 315 resistentia,
1281 269 1341 313 hic
1365 269 1484 312 andta,
1516 270 1567 306 ibi
1593 269 1785 308 imminuta
1802 280 1883 319 per-

286 339 534 392 pendiculares
565 336 631 374 illae
653 335 756 375 lineae
785 334 975 385 inaequales
1016 331 1274 375 redderentur,
1318 330 1353 367 &
1385 330 1450 367 alia
1476 336 1565 368 tunc
1595 326 1710 377 figura
1750 329 1884 366 arteriae

287 400 461 439 nascitura
485 397 602 439 foret,
633 396 704 433 >ovi
728 394 822 434 forte
851 393 996 435 fimilis,
1033 393 1135 439 cujus
1170 397 1296 429 vertex
1327 388 1474 428 obtusus
1503 401 1542 427 ea
1573 390 1613 430 in
1642 393 1740 437 parte
1779 386 1882 430 effer,

289 472 369 510 quae
395 460 514 495 minus
544 455 695 494 cederet.
741 452 887 491 Venosa
908 451 1133 501 receptacula
1160 456 1256 488 certe
1283 461 1328 487 ex
1347 448 1533 498 triangulis
1562 447 1768 486 curvilineis
1795 445 1888 486 fiunt

290 518 375 568 (z)
393 546 402 561 ,
429 529 548 566 neque
577 515 680 552 estin
700 513 1041 551 mathematicorum
1084 510 1390 548 demonstratione
1420 508 1587 549 conditio
1623 507 1765 556 aliqua,
1809 517 1890 555 quae

291 579 407 627 :magis
426 577 470 616 ad
494 576 655 618 arterias,
686 585 794 624 quam
808 572 858 615 ad
879 584 986 628 renas
1007 570 1144 620 spectet.
1191 569 1332 609 Verum
1352 580 1430 608 non
1455 568 1539 606 ideo
1568 574 1729 608 errarunt
1752 565 1808 604 Cl.
1823 564 1891 604 Vi-

293 640 345 677 ri:
374 636 445 687 ipsa
477 637 575 674 enim
598 642 740 676 natura,
769 639 948 682 quantum
973 631 1122 680 quidem
1139 642 1210 679 ego
1238 630 1345 671 novi,
1361 629 1502 665 arterias
1524 628 1660 676 ubique
1693 632 1824 667 teretes
1841 624 1892 662 fe-

294 699 344 736 cit
360 726 370 740 ‚
401 698 436 733 δε
457 695 651 732 fertionem
678 692 758 742 ipfis
791 691 1003 729 circularem
1030 690 1137 727 dedit.
1184 688 1291 727 Plana
1318 699 1397 736 quae
1417 687 1596 736 videtur(
1613 687 1683 733 a),
1719 698 1790 735 qua
1815 696 1893 722 ver-

294 757 405 795 tebris
435 755 616 798 incumbit:
636 760 754 794 aorta,
783 751 887 803 plana
915 762 993 791 non
1013 749 1062 791 est
1078 778 1088 792 ,
1117 749 1388 798 quamprimum
1408 747 1587 796 repletur,
1612 746 1648 783 δι
1679 746 1718 782 in
1742 743 1895 782 similem

296 815 505 866 cylindrum
525 820 630 855 certo
651 811 835 859 adsurgit,
869 811 923 847 uti
948 816 1091 847 artuum
1110 809 1244 846 arteriae
1273 806 1413 850 solent,
1444 818 1524 855 quae
1548 805 1662 856 planae
1677 803 1778 846 sunt,
1806 803 1896 846 dum

298 867 422 916 inanes
447 876 573 922 jacent.
625 871 742 909 Facile
764 870 802 913 id
823 869 968 919 adparet
990 870 1031 909 in
1055 868 1190 911 [celetis
1207 868 1416 909 arteriarum
1435 865 1520 907 sebo
1543 865 1759 915 repletarum
1776 891 1785 905 ‚
1810 875 1898 913 qua-

297 936 345 972 lia
366 935 456 973 olim
480 933 648 982 parabam
664 960 673 974 ‚
711 931 747 968 &
770 941 869 968 nunc
886 930 928 972 in
944 927 1122 977 jthesauris
1148 927 1230 966 sunt
1251 925 1558 975 Gottiugenfium.
1604 923 1724 969 Quod
1752 922 1898 970 injeffitio

299 995 362 1034 liic
383 992 511 1036 efficit-³
554 992 591 1029 id
613 992 738 1043 utique
761 989 905 1038 sanguis
928 988 1086 1037 praestat,
1117 986 1264 1038 quando
1295 987 1333 1022 in
1359 987 1444 1025 vivo
1468 984 1620 1029 animale
1650 994 1695 1026 ex
1725 982 1835 1027 corde
1861 981 1902 1022 in

302 1049 442 1092 aOrtam
469 1052 634 1089 arteriam
660 1051 875 1099 projicitur,
915 1048 951 1084 &
972 1059 1118 1096 aequum
1143 1046 1192 1083 est
1223 1045 1374 1087 creditu,
1391 1046 1522 1093 pariter
1552 1045 1591 1081 in
1617 1041 1822 1092 cylindrum
1863 1040 1903 1078 id

303 1112 391 1150 vasis
413 1123 528 1160 genus
555 1109 769 1151 extendere,
798 1118 917 1156 neque
937 1107 1108 1143 vivorum
1129 1106 1368 1143 animantium
1393 1103 1571 1142 sestiones
1597 1108 1810 1152 repugnant.
1857 1098 1903 1145 E-

302 1174 392 1209 tiam
417 1169 725 1220 aneurysmatum,
761 1174 857 1204 certe
885 1165 1001 1215 qualia
1027 1177 1098 1214 ego
1125 1167 1164 1202 in
1193 1164 1406 1217 animalibus
1439 1164 1509 1202 feci
1534 1162 1638 1214 (b),
1670 1167 1732 1200 aut
1756 1163 1795 1203 in
1835 1159 1906 1204 ho-

307 1231 465 1274 minibus
490 1230 595 1278 aegris
616 1228 709 1271 vidi,
731 1225 892 1267 ‚circulus
915 1237 984 1275 pro
1015 1224 1170 1268 seitione
1197 1224 1273 1263 fuit.

725 1343 761 1384 gx
798 1338 877 1381 111.
943 1337 1123 1389 Quomodo
1153 1337 1274 1375 conicae
1312 1335 1484 1374 dicantur.

371 1451 525 1491 Arterias
561 1450 698 1489 Conicm
727 1448 794 1487 effe
820 1448 988 1498 vulgo-in
1006 1447 1258 1486 definitionem
1285 1447 1397 1495 recipi
1421 1444 1528 1484 solet:
1559 1443 1737 1487 eo-sensu,
1767 1441 1911 1492 -ut·pro-'

313 1510 427 1555 fedior
448 1511 612 1547 arteriam
637 1520 918 1558 quamcunque,
949 1508 1054 1558 digiti
1091 1509 1129 1544 in
1150 1506 1343 1555 exemplo,
1371 1506 1416 1544 ad
1435 1506 1542 1546 suum
1576 1512 1768 1546 truncum,
1793 1503 1911 1552 adque

314 1577 453 1609 aortam
469 1598 479 1613 ‚
507 1570 543 1606 &
570 1568 615 1607 ad
639 1580 703 1607 cor
730 1568 889 1618 denique
909 1567 1187 1617 prosecuturus,
1225 1566 1363 1614 semper
1390 1577 1434 1603 eo
1465 1566 1602 1613 majora
1638 1565 1777 1604 lumina
1810 1573 1913 1611 repe-

315 1631 385 1668 riat
400 1658 409 1672 ,
440 1641 515 1678 quo
530 1629 656 1665 arteria
687 1628 791 1664 cordi
812 1628 965 1675 propior
989 1627 1038 1663 est
1054 1654 1064 1668 ,
1090 1625 1188 1662 unde
1214 1625 1276 1666 fit,
1299 1633 1341 1663 ut
1361 1627 1488 1663 conica
1513 1635 1741 1671 convergens
1776 1621 1914 1658 dicatur

310 1688 391 1737 (c)
408 1716 417 1730 ‚
450 1688 593 1736 quoties
623 1693 762 1723 aortam
791 1687 943 1723 unicum
972 1686 1011 1722 in
1035 1696 1177 1724 ramum
1194 1684 1240 1722 ad
1265 1684 1420 1724 minima
1447 1682 1562 1732 ⁴usque
1587 1681 1859 1732 prosequimur,
1879 1679 1917 1718 &

319 1748 589 1796 imaginationis
615 1754 711 1783 certe
745 1744 874 1784 nostrae
894 1745 956 1787 vi,
985 1743 1132 1781 hancin
1150 1743 1307 1792 digitum
1324 1744 1573 1783 continuatam
1591 1748 1729 1782 aortam
1753 1751 1823 1789 pro
1836 1739 1919 1776 uni·

321 1806 513 1857 cocanale
540 1805 714 1845 habemus
731 1833 740 1847 ,
771 1805 873 1852 cujus
903 1805 1010 1851 origo
1034 1804 1069 1840 ὃς
1091 1802 1179 1840 basis
1207 1804 1245 1840 in
1274 1802 1396 1845 corde,
1412 1801 1492 1839 finis
1516 1803 1552 1839 δε
1581 1810 1707 1839 vertex
1735 1801 1773 1836 in
1800 1798 1916 1846 digito

316 1865 373 1910 sit.
422 1864 564 1903 Verum
594 1866 686 1902 circa
719 1864 813 1903 hanc
840 1863 932 1901 adeo
950 1864 987 1899 in
1011 1862 1166 1910 vulgum
1190 1869 1372 1910 receptam
1393 1862 1527 1898 a-rteriae
1557 1860 1808 1897 definitionem
1826 1856 1919 1894 mul.

323 1932 360 1963 ta
391 1925 518 1974 utique
538 1923 639 1967 sunt,
674 1935 754 1972 quae
784 1924 915 1960 merito
954 1933 1127 1964 moneas,
1166 1920 1230 1962 nifi
1255 1932 1415 1961 errorem
1451 1919 1537 1958 ‚velis
1567 1919 1766 1958 admittere.

383 1982 483 2032 Ergo
507 1985 670 2040 pri-mum
696 1984 829 2020 arteriae
846 2011 855 2026 ‚
886 1984 924 2019 in
944 1980 1012 2019 hac
1030 1980 1101 2030 ipsa
1123 1979 1432 2023 consideratione,
1469 1979 1698 2018 decrementa
1727 1978 1847 2014 minus
1869 1976 1923 2012 vi-

327 2043 459 2081 dentur
485 2042 642 2091 pendere
667 2055 687 2080 a
714 2042 875 2079 distantia
895 2054 913 2079 a
931 2040 1065 2083 corde,
1095 2052 1206 2088 quam
1239 2039 1388 2090 quidem
1406 2038 1692 2087 amagnitudine
1723 2047 1919 2078 ramorum²

329 2114 423 2152 quos
458 2104 583 2140 arteria
607 2101 770 2144 ediderit,
786 2114 894 2151 quam
912 2113 980 2150 pro
997 2107 1129 2138 trunco
1148 2099 1336 2139 habemus.
1374 2097 1469 2146 Quae
1490 2099 1613 2137 arteria
1637 2096 1767 2145 absque
1794 2106 1920 2137 ramo,

324 2168 390 2202 ‚aut
415 2170 511 2207 certe
533 2160 663 2211 absque
695 2161 847 2200 notabili
867 2172 994 2206 ramo,
1031 2159 1253 2209 aliquamdiu
1281 2159 1461 2201 decurrit,
1500 2170 1538 2195 ea
1558 2159 1596 2196 in
1631 2168 1676 2195 eo
1705 2162 1785 2196 toto
1812 2154 1925 2205 spatio

1849 2223 1927 2252 non

397 2316 442 2393 κζ
465 2317 554 2346 prim.
576 2318 625 2346 liu.
648 2317 794 2356 pltffglx'olog.
818 2327 846 2348 n.
882 2321 948 2355 346.

374 2358 416 2391 (a
464 2358 595 2387 Anterius
616 2357 775 2390 craffiorem
795 2362 821 2389 &-
848 2358 1000 2390 firmiorem
1015 2359 1044 2389 in
1058 2358 1210 2390 abdomine
1227 2357 1296 2389 facit
1310 2354 1474 2397 Franz-{scm
1495 2357 1614 2390 Borss
1627 2367 1637 2386 ι
1649 2365 1664 2387 Β
1677 2364 1696 2386 R
1715 2348 1872 2392 ιῖεᾍϊθῑίζίὶῐῑ)Δ
1900 2357 1928 2379 ²·

370 2401 392 2474 ἱ
401 2399 439 2477 clf)
454 2442 457 2448 Ι
470 2399 576 2427 Second
594 2402 718 2430 memoir.
734 2399 789 2438 fin*
812 2402 836 2429 le
863 2407 1041 2432 moccvement
1057 2401 1097 2429 du
1118 2410 1192 2430 coeur
1210 2409 1236 2437 p.
1267 2406 1337 2435 238.
1360 2409 1387 2428 n.
1410 2409 1455 2429 10.

452 2437 638 2473 „Bouana
653 2450 673 2470 Λ
688 2448 737 2481 VJ.
762 2440 828 2480 lqft.
848 2443 888 2471 rei
915 2441 989 2473 med.
1008 2450 1037 2472 n.
1067 2451 1133 2480 132·
1158 2442 1184 2472 δι
1207 2440 1330 2474 Palea.
1357 2439 1392 2472 Τ.
1427 2440 1464 2475 ll.
1485 2450 1514 2479 P·
1543 2450 1572 2476 4·
