2003 2748
490 186 1280 227 SECTLARTERIAE.
1613 202 1685 228 10>

1670 221 1685 236 J.

93 287 160 336 qui
188 280 375 336 spumosus
391 283 405 328 ζ
437 284 589 334 aereque
618 283 741 321 mistus
760 296 822 333 per
851 284 1007 333 asperam
1031 286 1194 321 arteriam
1224 286 1344 322 exibit.
1391 285 1565 323 Eamdem
1589 285 1690 324 exsu-

93 347 284 383 dationem
308 344 494 394 pulmonis
520 345 681 381 imitatur
710 344 748 379 in
780 342 950 381 dirislimo
978 344 1111 380 morbo
1145 343 1286 392 sanguis
1315 344 1384 393 ipse
1401 374 1410 388 ,
1456 348 1518 395 qui
1543 345 1690 383 transitu

93 418 158 456 per
179 406 396 455 impervium
417 403 633 453 pulmonem
655 402 817 440 exclusus
832 431 841 445 ,
875 403 1011 440 summa
1037 404 1071 439 vi
1087 406 1249 451 urgentis
1275 405 1394 442 cordis
1425 405 1542 443 dextri
1565 407 1602 442 in
1624 406 1689 442 ob-

60 469 63 472 '
95 464 238 502 strustas
264 465 404 502 arterias
431 462 611 512 inpastus³
645 461 808 510 undique
834 462 1003 504 exsudat,
1039 464 1149 511 inque
1183 463 1327 501 massam
1358 466 1527 508 rubram,
1568 465 1689 514 hepati

96 523 248 561 fimilem
274 535 338 572 per
358 529 479 559 totum
504 521 720 570 pulmonem
746 521 874 558 effusus
892 550 901 564 ,
937 521 1210 559 funestissimum
1233 536 1348 571 genus
1376 526 1688 576 peripneumoniae

94 583 181 620 facit
199 584 216 629 <
233 582 293 628 a).
335 579 391 618 Ad
409 593 485 617 rem
505 581 662 617 nostram
683 592 769 618 vero
789 580 938 629 perinde
959 580 1043 618 facit
1063 581 1273 630 exemplum
1293 582 1472 631 sanguinis
1500 591 1560 621 aut
1587 596 1689 621 men-

96 642 207 683 strui,
257 647 317 678 aut
352 640 434 677 alias
462 640 711 681 exuberantis,
753 641 815 689 qui
837 652 899 689 per
928 647 1072 678 uterum
1103 639 1248 678 effluere
1292 643 1498 691 prohibitus
1532 672 1541 685 ,
1592 643 1690 680 facil-

93 699 182 737 lime
205 701 243 737 in
262 699 368 749 spatia
388 704 486 737 ae'rea
514 699 736 748 pulmonum
763 702 987 748 regurgitat,
1024 700 1232 749 minorique
1263 713 1346 739 cum
1371 702 1552 751 periculo,
1578 715 1690 752 quam

95 759 250 808 quidem
269 760 306 796 in
329 760 414 796 viris
447 758 563 801 solet,
600 770 665 807 per
696 758 934 808 haemoptyfin
964 769 1185 808 expurgatur
1220 760 1315 809 (h).
1363 761 1449 799 Vias
1481 763 1578 800 enim
1611 774 1690 800 non

91 827 241 869 ruptaS,
280 819 315 856 ἃ.
338 820 445 856 unice
468 817 625 856 dilatatas
646 815 713 854 effe
728 846 738 860 ‚
770 818 986 868 subsequens
1010 818 1163 856 sanitatis
1187 819 1364 859 restitutio
1396 821 1626 859 demonstrat.

558 931 591 972 §-
625 927 668 967 Χ
682 927 724 966 Χ
743 926 789 965 V.
848 927 894 965 In
920 927 1051 965 Caveas
1069 928 1227 973 majores.

152 1045 341 1085 Exhalatio
358 1047 398 1082 ln
425 1057 547 1083 caveas
574 1046 766 1095 ampliores
790 1046 939 1084 humani
966 1048 1131 1096 corporis
1159 1047 1291 1085 eodem
1320 1049 1435 1087 modo
1465 1049 1693 1088 demonstra·-¹

93 1113 177 1149 rur,
213 1107 249 1143 &
270 1105 420 1155 perinde
446 1105 646 1142 ostenditur
672 1107 746 1153 ejus
770 1116 816 1142 ex
844 1107 979 1142 arteriis
1006 1107 1123 1143 rubris
1149 1114 1320 1149 exortus,
1363 1109 1416 1145 uti
1437 1108 1481 1145 de
1510 1110 1687 1147 cellulosae

94 1166 176 1202 telae
194 1164 324 1202 sudore
352 1164 520 1201 diximus.
570 1162 713 1202 Omnes
737 1166 775 1200 in
797 1176 952 1213 corpore
980 1164 1141 1203 humano
1167 1167 1385 1204 membranae
1412 1167 1538 1206 sudant
1561 1170 1687 1218 utique

92 1224 141 1261 de
156 1222 390 1260 invisibilibus
411 1224 509 1271 poris
528 1234 702 1271 vaporem
717 1251 726 1265 ,
761 1234 872 1272 quem
887 1223 1189 1272 frequentiffime,
1232 1232 1290 1262 tot
1313 1227 1351 1262 in
1373 1227 1556 1265 canicidiis
1570 1256 1579 1270 ,
1614 1228 1691 1265 vidi

91 1283 187 1320 fumi
206 1281 322 1320 modo
343 1281 486 1330 surgere
509 1281 553 1319 de
576 1281 673 1320 durae
690 1283 830 1332 piaeque
853 1283 1071 1320 membranae
1096 1284 1254 1326 cerebri,
1288 1283 1332 1321 de
1359 1285 1478 1323 cordis
1497 1315 1507 1329 ,
1543 1286 1690 1335 pulmo*

92 1343 151 1379 nis
168 1370 177 1384 ‚
212 1341 349 1391 hepatis
365 1370 375 1384 ‚
408 1341 534 1384 lienis,
567 1343 764 1390 pancreatis
780 1370 789 1384 ‚
826 1354 976 1385 renum,
1005 1342 1280 1386 intestinorum,
1306 1345 1518 1387 ventriculi,
1545 1345 1687 1388 vesicae,

98 1402 264 1444 omenti,
295 1400 521 1442 mesenterii‚
551 1400 683 1449 pleurae
700 1429 712 1443 ‚
747 1402 936 1450 peritonaei
961 1404 1065 1439 omni
1084 1403 1222 1440 calente
1237 1402 1420 1452 superficie
1442 1404 1538 1451 (c).
1573 1404 1691 1442 Faetor

97 1462 131 1498 ei
152 1461 278 1510 vapori
298 1460 412 1502 inest,
447 1461 511 1508 qui
537 1459 722 1497 volatilem
742 1460 909 1498 nat'uram
933 1461 1126 1498 animalem
1148 1474 1234 1499 cum
1257 1461 1426 1501 dissoluto
1454 1463 1539 1501 oleo
1566 1464 1691 1502 subac-

98 1527 173 1557 tam
193 1519 300 1556 refert
316 1547 324 1561 ,
357 1520 395 1555 in
419 1519 616 1556 abdomine
645 1518 891 1567 potiffimum‚
925 1522 1064 1557 namin
1087 1521 1232 1569 pediore
1251 1523 1371 1559 minus
1398 1522 1597 1561 virulentus
1616 1525 1691 1560 exit

93 1577 120 1626 (
136 1577 160 1614 d
175 1577 201 1624 ).
236 1576 329 1615 Eum
349 1589 522 1626 vaporem
546 1579 585 1614 in
610 1589 709 1627 aquae
726 1577 882 1627 speciem
904 1578 1096 1616 collectum
1120 1580 1200 1628 post
1220 1580 1380 1618 animalis
1404 1590 1563 1619 mortem
1582 1594 1692 1631 repe-

97 1638 211 1674 rimus
230 1637 268 1673 in
289 1638 403 1673 caveis
418 1665 429 1679 ,
461 1648 547 1686 quas
564 1638 833 1675 nominavimus
850 1666 860 1680 ,
898 1639 1000 1685 cujus
1022 1645 1186 1686 naturam
1201 1667 1210 1681 ,
1242 1647 1303 1677 aut
1326 1640 1369 1677 ab
1395 1641 1480 1688 igne
1502 1641 1658 1679 admoto
1678 1671 1687 1685 ,

98 1702 160 1733 aut
189 1696 233 1733 ab
264 1694 388 1733 adfuso
416 1694 583 1733 alcohole
614 1696 878 1744 coagulabilem
904 1697 1091 1740 dicemus,
1135 1698 1282 1747 quando
1311 1698 1355 1736 de
1385 1699 1532 1749 lympha
1563 1708 1691 1749 agetur

96 1756 147 1802 (e
164 1754 193 1802 ).
232 1753 303 1792 Hic
324 1754 420 1792 idem
443 1755 492 1792 est
511 1755 739 1804 penetrabilis
758 1756 880 1806 liquor
896 1784 906 1799 ‚
938 1758 1040 1804 cujus
1063 1769 1134 1806 ope
1159 1757 1340 1807 ancyloses
1359 1759 1377 1806 (
1386 1757 1442 1807 f)
1455 1788 1463 1802 ,
1498 1761 1534 1797 &
1557 1762 1692 1809 gravit?-

99 1812 179 1850 fimi
203 1813 261 1851 alii
285 1815 405 1851 morbi
444 1827 711 1864 nonnunquam
743 1815 931 1854 solvuntur
946 1844 956 1859 ,
986 1815 1012 1853 fi
1035 1818 1073 1854 in
1108 1818 1180 1854 vivi
1200 1817 1431 1868 spirantisque
1448 1820 1608 1857 animalis
1626 1821 1691 1858 vis-

98 1884 179 1910 cera
201 1880 339 1922 partem
355 1874 571 1911 obstrustam
592 1874 801 1914 miserimus.
835 1874 951 1913 Etiam
973 1876 1054 1925 post
1072 1876 1224 1914 incisum
1249 1879 1321 1914 vivi
1345 1879 1505 1916 animalis
1526 1888 1690 1917 ventrem

99 1932 267 1970 abstersus
293 1933 407 1975 redit,
456 1933 630 1983 novisque
656 1933 807 1983 'guttulis
832 1935 1058 1973 membranas
1086 1935 1160 1973 suas
1183 1937 1311 1974 irrorat
1334 1939 1351 1984 (
1363 1950 1392 1984 g
1407 1938 1438 1986 >.
1489 1938 1604 1976 Facile
1628 1953 1691 1977 au-

99 1997 176 2029 tem
203 1993 279 2040 ejus
307 1995 580 2041 generationem
603 1995 787 2033 imitamur
804 2023 814 2038 ‚
852 1997 995 2044 quoties
1022 1997 1060 2032 in
1078 2002 1217 2034 aortam
1244 1997 1425 2039 animalis,
1460 1997 1661 2036 hominisve
1677 2029 1686 2042 ,

1631 2066 1691 2096 aut

143 2164 208 2203 (a)
234 2163 330 2205 Opust.
347 2166 453 2204 pathol.
474 2167 531 2198 obs.
552 2178 596 2204 ¹4·

137 2206 211 2243 ¹(h)
237 2208 430 2237 Pscnnxn
461 2208 488 2238 L.
521 2209 542 2239 Ι.
570 2208 626 2239 obs.
655 2217 704 2247 4³.
734 2210 923 2241 HuanM
949 2221 985 2240 on
1005 2209 1097 2249 severs
1124 2220 1150 2250 p.
1182 2220 1233 2250 44.
1265 2221 1327 2248 ¹9¹·
1369 2212 1418 2242 Hx
1434 2222 1565 2243 Proca
1582 2223 1687 2245 Aras

102 2258 157 2283 περι
176 2260 318 2279 γυναικειων
335 2263 352 2278 ω
365 2270 372 2283 ,
395 2249 499 2287 aliique
516 2260 620 2288 magno
637 2260 756 2282 numero
766 2253 843 2282 citati
856 2276 863 2289 ,
885 2254 913 2282 in
934 2255 1150 2283 Conmentariis
1168 2254 1205 2282 aci
1215 2253 1328 2290 praefi.
1355 2253 1389 2284 T.
1416 2253 1449 2284 V.
1478 2254 1505 2284 P.
1534 2255 1569 2285 11.
1589 2265 1616 2294 p.
1641 2258 1689 2291 86.

145 2289 206 2323 (c)
230 2288 310 2317 Conf
334 2289 387 2319 ΚΛ
405 2300 496 2320 auw
518 2292 552 2320 de
568 2289 682 2331 pezspir.
709 2303 736 2323 n.
765 2303 832 2331 539.
865 2304 921 2332 540
948 2303 1012 2331 542.
1036 2303 1103 2332 543.
1133 2304 1197 2332 544.
1226 2302 1291 2333 547.
1326 2305 1391 2332 549.

144 2328 211 2365 (d)
236 2329 340 2359 lnam
367 2330 416 2359 Vir
440 2331 511 2361 Clar.
537 2333 606 2361 ibid.

144 2370 206 2406 (e)
230 2367 404 2400 Ruxscn
433 2369 487 2413 obs.
514 2383 573 2402 rar.
600 2373 654 2413 pqsl
676 2374 758 2406 trad.
783 2375 815 2405 de
839 2376 913 2407 valv.
940 2375 1026 2407 XIX.
1050 2375 1086 2408 N.
1109 2376 1328 2408 STENoxzs
1359 2376 1393 2405 de
1422 2374 1508 2416 must·-
1532 2377 1571 2414 Εἴ
1589 2378 1688 2416 Εἶθ’ἶῑῖτ

102 2420 131 2449 Ρ.
146 2418 210 2486 (4qu
231 2410 363 2482 gimo
376 2463 392 2482 R
406 2462 450 2483 *rs
469 2453 555 2483 traite'
575 2456 619 2484 des
639 2466 728 2486 armes
749 2455 767 2488 ἀ
789 2456 838 2497 feu
863 2468 890 2498 p.
921 2458 990 2498 258.

145 2490 207 2528 (g)
230 2491 436 2530 Kmuwn-
468 2505 532 2533 541-
563 2503 626 2535 548-
652 2507 717 2537 557·
772 2538 776 2543 ,
