2003 2748
327 167 412 205 404
481 134 486 140 “
859 146 1401 212 LIB.1V.3COR.

325 252 411 290 dem
427 250 499 288 hoc
524 247 648 287 nobile
668 246 901 297 privilegium
923 257 1082 295 nuperus
1108 245 1161 281 vir
1190 241 1246 282 111.
1285 246 1368 292 (a)
1391 250 1499 294 atque
1520 245 1698 290 valvulas,
1727 248 1771 286 de
1795 250 1924 299 quibus

324 311 441 349 sermo
465 309 513 346 est
527 337 537 351 ‚
574 320 593 345 a
619 308 801 345 columnis
824 308 958 344 carneis
981 304 1298 351 distrahiobjicit,
1332 306 1380 342 ita
1399 303 1499 348 fieri,
1531 318 1577 343 ne
1599 309 1764 344 arteriam
1779 309 1923 357 pulmo-

323 370 443 407 nalem
463 376 585 416 tegere
607 374 749 417 queant.
786 365 829 404 Et
852 367 1007 403 omnino
1025 364 1125 401 fateri
1152 371 1322 412 oportet,
1366 365 1404 400 in
1430 364 1601 403 cadavere
1627 367 1777 404 anulum
1801 366 1923 405 valvu-

323 428 441 466 losum
470 429 652 464 minorem
684 425 777 475 (h)
799 424 940 467 videri,
978 435 1093 474 quam
1121 424 1183 472 qui
1211 422 1283 461 hoc
1308 421 1431 461 officio
1460 423 1612 473 defungi
1636 425 1761 474 possit:
1790 427 1828 463 in
1848 425 1924 464 lan-

323 495 461 536 guente
485 487 597 523 etiam
627 487 663 522 &
693 493 863 523 emortuo
892 484 1044 521 animale
1067 483 1278 531 sanguinem
1307 494 1353 520 ex
1385 483 1565 521 contracta
1589 484 1745 522 auricula
1770 487 1808 523 in
1833 492 1923 523 arte-

322 548 411 583 riam
436 553 622 595 penetrare
639 547 656 592 (
674 556 691 582 c
709 545 736 592 ).
784 543 927 581 Verum
953 544 991 580 in
1017 543 1162 592 peaore
1190 543 1334 591 integro
1351 570 1359 584 ‚
1401 543 1441 579 in
1465 544 1550 580 vivo
1578 544 1730 581 animale
1746 572 1756 586 ‚
1798 547 1923 584 omnia

321 604 386 642 fibi
415 606 586 654 propiora
612 602 678 641 effe
695 632 704 646 ‚
749 604 785 640 &
816 602 973 640 valvulas
991 604 1062 640 vias
1093 601 1156 638 fibi
1177 599 1382 638 commiffas
1399 600 1539 639 fidelius
1560 602 1746 646 claudere,
1781 611 1922 643 certum

322 665 392 707 est,
438 665 473 701 ὃς
495 667 542 701 ita
565 663 641 701 fieri
665 675 719 702 res
749 662 820 712 ipsa
853 661 1040 704 ostendit,
1077 659 1253 710 siquidem
1277 661 1431 698 omnino
1461 662 1585 699 arteria
1611 662 1822 711 sanguinem
1844 676 1921 702 non

321 725 464 773 accipit,
484 723 573 761 dum
585 735 670 761 eum
682 721 838 760 auricula
849 720 1007 770 expellit.
1042 719 1132 757 Non
1148 720 1342 768 oportebat
1356 718 1429 756 hoc
1441 719 1589 757 valvulae
1607 719 1769 760 officium
1785 735 1920 761 novam

320 795 399 820 rem
415 811 425 826 ,
454 782 590 831 sibique
600 783 759 832 primum
783 782 979 829 cogitatam
994 808 1005 823 ,
1043 778 1096 818 Ill.
1129 780 1210 817 viro
1234 779 1293 826 (d
1307 780 1324 826 >
1357 778 1469 817 videri
1484 808 1493 824 ,
1517 791 1596 829 quae
1613 782 1720 819 toties
1739 782 1828 820 dicta
1843 811 1852 826 ,
1876 773 1920 820 ¹&

313 841 574 880 >controversiis
604 843 734 891 agitata
764 840 882 879 fuerite

590 954 631 996 ς.
666 949 708 988 Χ
721 948 741 987 Ι
757 948 784 987 Ι.
842 948 1003 996 >Sanguis
1021 949 1121 985 venit
1145 949 1183 984 in
1206 947 1372 985 dextrum
1391 947 1641 988 ventriculum.

370 1059 432 1098 >Eo
444 1066 610 1109 tempore
626 1087 635 1101 ,
656 1070 739 1108 quo
749 1057 906 1096 auricula
918 1056 1144 1095 contrahitur
1159 1086 1168 1099 ,
1197 1055 1298 1095 laxus
1313 1085 1322 1100 ,
1350 1058 1386 1095 &
1399 1057 1619 1102 immobilis,
1648 1059 1867 1099 ventriculus
1884 1059 1923 1107 se·

310 1118 475 1157 rremisit:
513 1126 553 1157 ut
577 1119 729 1168 proprio
753 1117 839 1155 loco
865 1117 1010 1155 uberius
1034 1116 1251 1154 ostendetur.
1294 1116 1330 1153 Si
1351 1118 1449 1154 enim
1471 1129 1535 1154 cor
1557 1119 1595 1155 in
1621 1118 1749 1168 systole
1769 1120 1918 1158 versare-

307 1185 400 1221 ‘tur,
436 1190 626 1228 nunquam
647 1183 764 1220 certe,
795 1189 880 1215 cum
896 1183 997 1213 tanto
1013 1176 1194 1214 robustius
1211 1174 1277 1219 fit,
1306 1177 1353 1214 ab
1376 1177 1533 1215 auricula
1552 1176 1587 1215 se
1609 1178 1745 1216 dilatari
1765 1179 1912 1222 sineret,

315 1244 378 1275 aut
400 1238 612 1286 sanguinem
634 1238 818 1286 reciperet.

376 1295 420 1334 In
445 1297 614 1334 dextrum
640 1296 732 1333 adeo
759 1294 1002 1333 ventriculum
1032 1293 1152 1331 cordis
1173 1293 1315 1342 sanguis
1346 1293 1407 1331 de
1415 1294 1570 1332 auricula
1597 1296 1773 1341 advenit,
1814 1309 1917 1336 eum-=

316 1368 388 1406 que
411 1356 574 1406 undique
597 1355 710 1404 replet
731 1356 768 1392 &
791 1354 921 1392 dilatat.
958 1352 1042 1400 Ejus
1060 1351 1284 1390 distensionis
1300 1353 1463 1391 mensura
1478 1354 1604 1392 eadem
1627 1355 1700 1398 est,
1735 1369 1814 1406 quae
1830 1357 1917 1396 dua.
1945 1390 1950 1394 ,

314 1427 398 1453 rum
421 1417 576 1454 triumve
599 1416 788 1453 unciarum
812 1413 993 1461 sanguinis
1009 1441 1018 1455 ,
1058 1424 1145 1461 quas
1169 1412 1326 1450 auricula
1353 1413 1509 1461 expellit.
1561 1414 1696 1463 Augeri
1723 1429 1810 1454 vero
1837 1417 1916 1466 pos-

313 1473 348 1511 se
362 1503 372 1514 ,
414 1473 439 1511 fi
464 1476 516 1512 vis
538 1474 687 1511 dilatans
708 1474 806 1511 aucta
828 1473 961 1514 fuerit,
998 1472 1034 1508 δε
1057 1484 1174 1509 aream
1192 1471 1312 1509 cordis
1329 1470 1633 1521 fimplicinaturae
1654 1474 1734 1523 lege
1757 1476 1912 1519 dilatati,

315 1531 383 1570 effe
403 1534 449 1572 ad
476 1546 593 1572 aream
611 1533 731 1571 cordis
754 1533 925 1581 sanguine
937 1530 1079 1568 distenti
1094 1559 1104 1573 ‚
1131 1532 1184 1569 uti
1211 1541 1231 1568 2
1261 1531 1305 1569 ad
1337 1542 1366 1577 ς.
1391 1532 1513 1570 auctor
1535 1533 1584 1570 est
1607 1533 1800 1581 Stephanus
1823 1534 1860 1573 H
1875 1548 1914 1572 A·

315 1604 367 1630 LE
381 1605 395 1630 s
422 1594 439 1640 (
455 1594 526 1640 e),
562 1605 680 1643 exque
704 1591 1017 1640 undasanguinea
1035 1590 1235 1629 ¹aestimatur
1251 1619 1260 1634 ,
1310 1603 1389 1640 quae
1410 1593 1455 1629 in
1474 1594 1639 1631 arteriam
1663 1596 1746 1632 exit.

695 1705 729 1746 §-
763 1700 804 1739 X
818 1700 835 1738 I
850 1700 866 1738 Ι
881 1699 907 1738 Ι,
966 1699 1083 1747 ΙΙῘΨιε
1097 1700 1272 1737 arteriam
1286 1699 1530 1747 pulmonalem„

370 1808 424 1847 Ita
445 1810 621 1847 irritatum
651 1821 714 1846 cor
745 1809 952 1851 celerrime,
993 1808 1082 1845 dum
1106 1808 1238 1845 animal
1266 1810 1389 1856 viget,
1434 1811 1472 1846 in
1501 1810 1654 1858 systolen
1676 1812 1822 1855 transit,
1860 1814 1913 1851 vi-

301 1880 367 1906 ¹res
393 1868 607 1908 musculosas
642 1868 819 1917 explicat,
862 1868 898 1903 &
932 1866 1144 1914 sanguinem
1173 1877 1217 1902 eo
1252 1866 1368 1902 modo
1398 1868 1571 1916 expellit,
1617 1881 1726 1918 quem
1760 1871 1912 1921 descrip-

311 1927 428 1965 fimus.
465 1928 535 1965 Sed
556 1930 688 1965 iterum
706 1926 784 1964 duae
806 1926 892 1963 huic
910 1925 1073 1973 sanguini
1100 1925 1165 1961 viae
1190 1932 1332 1973 patent,
1374 1926 1474 1973 prior
1493 1926 1538 1963 ad
1555 1928 1752 1966 auriculam
1769 1959 1779 1973 ,
1814 1931 1912 1969 unde

310 1986 474 2030 advenit,
514 1985 621 2025 altera
639 1988 676 2023 in
699 1985 886 2035 pulmonis
914 1985 1079 2021 arteriam
1101 2011 1110 2026 ‚
1148 1994 1228 2032 quae
1252 1983 1297 2019 de
1325 1985 1530 2023 ventriculo
1557 1985 1688 2026 dextro
1715 1989 1848 2038 prodit.

370 2045 414 2083 In
441 2046 637 2085 auriculam
659 2045 809 2095 quidem
839 2045 876 2081 in
902 2042 1128 2081 moribundo
1170 2042 1322 2079 animale
1346 2055 1425 2081 non
1443 2056 1523 2082 raro
1551 2044 1693 2094 sanguis
1720 2048 1765 2086 de
1786 2049 1912 2087 dextra

311 2105 431 2142 cordis
453 2118 559 2144 cavea
578 2105 680 2143 redit.
715 2105 758 2143 In
777 2103 989 2141 animalibus
1016 2101 1140 2150 frigidi
1159 2100 1342 2150 sanguinis
1367 2101 1590 2152 frequentius
1615 2105 1665 2142 est
1690 2105 1771 2155 (f)
1786 2137 1796 2151 ‚
1831 2110 1913 2157 qui-

311 2165 377 2201 bus
399 2167 566 2213 perennis
590 2164 707 2203 fluxus
724 2165 766 2204 A&
790 2162 949 2202 refluxus
978 2161 1174 2200 auriculam
1201 2162 1295 2198 inter
1321 2162 1356 2198 &
1383 2173 1448 2199 cor
1469 2165 1649 2202 excitatur
1664 2193 1674 2207 ,
1709 2165 1735 2203 s1
1753 2174 1852 2205 aorta
1869 2168 1911 2205 li-

1831 2233 1911 2275 gata

1243 2325 1526 2363 )LrsuTAun
1545 2328 1679 2369 phfiolog.
1707 2339 1733 2369 p
1757 2332 1803 2369 67

1243 2368 1259 2447 Ξ
1277 2367 1469 2408 Haemastatiks
1492 2378 1518 2406 p.
1546 2379 1593 2408 25.

1280 2408 1351 2446 Exp
1378 2417 1445 2449 55¹·
1476 2418 1541 2448 553

381 2328 646 2363 a)Sm=Ael.
677 2337 702 2358 c.
730 2338 760 2366 p.
787 2333 834 2364 88.
1180 2324 1193 2361 (

354 2368 431 2404 ὁ)
458 2369 550 2405 Supra
572 2378 598 2405 p.
619 2367 685 2397 206.
1180 2366 1194 2402 (

387 2408 757 2447 ε)ΗΛίινιιιΡ.4ο.
1180 2406 1194 2444 (
