<?xml version="1.0" encoding="UTF-8"?>
<!DOCTYPE html PUBLIC "-//W3C//DTD XHTML 1.0 Transitional//EN"
    "http://www.w3.org/TR/xhtml1/DTD/xhtml1-transitional.dtd">
<html xmlns="http://www.w3.org/1999/xhtml" xml:lang="en" lang="en">
 <head>
  <title>
</title>
<meta http-equiv="Content-Type" content="text/html;charset=utf-8" />
  <meta name='ocr-system' content='tesseract 3.04.00' />
  <meta name='ocr-capabilities' content='ocr_page ocr_carea ocr_par ocr_line ocrx_word'/>
</head>
<body>
  <div class='ocr_page' id='page_1' title='image "./elementaphysiolo01hall_0455.png"; bbox 0 0 2003 2748; ppageno 0'>
   <div class='ocr_carea' id='block_1_1' title="bbox 434 116 1689 165">
    <p class='ocr_par' dir='ltr' id='par_1_1' title="bbox 434 116 1689 165">
     <span class='ocr_line' id='line_1_1' title="bbox 434 116 1689 165; baseline -0.007 -1"><span class='ocrx_word' id='word_1_1' title='bbox 434 122 615 164; x_wconf 78' lang='lat' dir='ltr'>SECT.</span> <span class='ocrx_word' id='word_1_2' title='bbox 650 121 739 162; x_wconf 80' lang='lat' dir='ltr'>JV.</span> <span class='ocrx_word' id='word_1_3' title='bbox 776 119 1020 161; x_wconf 77' lang='lat' dir='ltr'>Morus</span> <span class='ocrx_word' id='word_1_4' title='bbox 1054 116 1337 161; x_wconf 58' lang='lat' dir='ltr'>connis,</span> <span class='ocrx_word' id='word_1_5' title='bbox 1609 132 1689 165; x_wconf 63' lang='lat'>429</span> 
     </span>
    </p>
   </div>
   <div class='ocr_carea' id='block_1_2' title="bbox 67 214 1694 1818">
    <p class='ocr_par' dir='ltr' id='par_1_2' title="bbox 77 214 1694 501">
     <span class='ocr_line' id='line_1_2' title="bbox 79 214 1694 271; baseline -0.007 -10"><span class='ocrx_word' id='word_1_6' title='bbox 79 231 115 262; x_wconf 79' lang='lat' dir='ltr'>te</span> <span class='ocrx_word' id='word_1_7' title='bbox 140 220 271 261; x_wconf 84' lang='lat' dir='ltr'>dolore</span> <span class='ocrx_word' id='word_1_8' title='bbox 299 220 383 271; x_wconf 86' lang='lat' dir='ltr'>(·r.)</span> <span class='ocrx_word' id='word_1_9' title='bbox 416 221 572 259; x_wconf 85' lang='lat' dir='ltr'>excitato</span> <span class='ocrx_word' id='word_1_10' title='bbox 599 221 637 258; x_wconf 86' lang='lat' dir='ltr'>in</span> <span class='ocrx_word' id='word_1_11' title='bbox 658 219 768 259; x_wconf 87' lang='lat' dir='ltr'>vitam</span> <span class='ocrx_word' id='word_1_12' title='bbox 789 225 1017 256; x_wconf 77' lang='lat' dir='ltr'>revocantur.</span> <span class='ocrx_word' id='word_1_13' title='bbox 1053 217 1149 256; x_wconf 85' lang='lat' dir='ltr'>Cum</span> <span class='ocrx_word' id='word_1_14' title='bbox 1179 215 1277 254; x_wconf 84' lang='lat' dir='ltr'>enim</span> <span class='ocrx_word' id='word_1_15' title='bbox 1298 216 1334 253; x_wconf 86' lang='lat' dir='ltr'>in</span> <span class='ocrx_word' id='word_1_16' title='bbox 1360 214 1414 253; x_wconf 84' lang='lat' dir='ltr'>his</span> <span class='ocrx_word' id='word_1_17' title='bbox 1432 214 1606 253; x_wconf 88' lang='lat' dir='ltr'>omnibus</span> <span class='ocrx_word' id='word_1_18' title='bbox 1633 227 1694 252; x_wconf 71' lang='lat' dir='ltr'>ex-</span> 
     </span>
     <span class='ocr_line' id='line_1_3' title="bbox 78 275 1694 334; baseline -0.005 -13"><span class='ocrx_word' id='word_1_19' title='bbox 78 283 289 334; x_wconf 78' lang='lat' dir='ltr'><strong>perimentis</strong></span> <span class='ocrx_word' id='word_1_20' title='bbox 312 294 432 332; x_wconf 90' lang='lat' dir='ltr'>neque</span> <span class='ocrx_word' id='word_1_21' title='bbox 448 282 658 319; x_wconf 80' lang='lat' dir='ltr'>arteriarum</span> <span class='ocrx_word' id='word_1_22' title='bbox 681 277 926 318; x_wconf 85' lang='lat' dir='ltr'>universarum</span> <span class='ocrx_word' id='word_1_23' title='bbox 947 278 1116 320; x_wconf 85' lang='lat' dir='ltr'>habitus,</span> <span class='ocrx_word' id='word_1_24' title='bbox 1152 285 1272 327; x_wconf 76' lang='lat' dir='ltr'>neque</span> <span class='ocrx_word' id='word_1_25' title='bbox 1288 275 1424 315; x_wconf 69' lang='lat' dir='ltr'>vascula</span> <span class='ocrx_word' id='word_1_26' title='bbox 1445 275 1597 313; x_wconf 79' lang='lat' dir='ltr'>minima</span> <span class='ocrx_word' id='word_1_27' title='bbox 1612 287 1694 313; x_wconf 86' lang='lat' dir='ltr'>mu-</span> 
     </span>
     <span class='ocr_line' id='line_1_4' title="bbox 78 336 1692 386; baseline -0.006 -4"><span class='ocrx_word' id='word_1_28' title='bbox 78 351 225 386; x_wconf 88' lang='lat' dir='ltr'>tentur,</span> <span class='ocrx_word' id='word_1_29' title='bbox 263 343 298 380; x_wconf 87' lang='lat'>&amp;</span> <span class='ocrx_word' id='word_1_30' title='bbox 324 344 430 380; x_wconf 86' lang='lat' dir='ltr'>unice</span> <span class='ocrx_word' id='word_1_31' title='bbox 461 353 545 383; x_wconf 89' lang='lat' dir='ltr'>cor,</span> <span class='ocrx_word' id='word_1_32' title='bbox 595 347 656 377; x_wconf 87' lang='lat' dir='ltr'>aut</span> <span class='ocrx_word' id='word_1_33' title='bbox 678 341 788 377; x_wconf 85' lang='lat' dir='ltr'>nervi·</span> <span class='ocrx_word' id='word_1_34' title='bbox 808 337 954 381; x_wconf 81' lang='lat' dir='ltr'>cordis,</span> <span class='ocrx_word' id='word_1_35' title='bbox 1003 339 1041 374; x_wconf 86' lang='lat' dir='ltr'>in</span> <span class='ocrx_word' id='word_1_36' title='bbox 1067 344 1213 375; x_wconf 86' lang='lat' dir='ltr'>motum</span> <span class='ocrx_word' id='word_1_37' title='bbox 1247 337 1364 374; x_wconf 86' lang='lat' dir='ltr'>redire</span> <span class='ocrx_word' id='word_1_38' title='bbox 1395 341 1600 384; x_wconf 78' lang='lat' dir='ltr'>cogantur,</span> <span class='ocrx_word' id='word_1_39' title='bbox 1652 336 1692 373; x_wconf 87' lang='lat' dir='ltr'>in</span> 
     </span>
     <span class='ocr_line' id='line_1_5' title="bbox 79 395 1689 448; baseline -0.005 -6"><span class='ocrx_word' id='word_1_40' title='bbox 79 403 191 442; x_wconf 84' lang='lat' dir='ltr'>corde</span> <span class='ocrx_word' id='word_1_41' title='bbox 218 401 356 440; x_wconf 85' lang='lat' dir='ltr'>causam</span> <span class='ocrx_word' id='word_1_42' title='bbox 380 409 504 440; x_wconf 90' lang='lat' dir='ltr'>motus</span> <span class='ocrx_word' id='word_1_43' title='bbox 533 399 736 438; x_wconf 83' lang='lat' dir='ltr'>humorum</span> <span class='ocrx_word' id='word_1_44' title='bbox 765 395 832 436; x_wconf 84' lang='lat' dir='ltr'>effe</span> <span class='ocrx_word' id='word_1_45' title='bbox 853 396 1022 448; x_wconf 84' lang='lat' dir='ltr'>adparet,</span> <span class='ocrx_word' id='word_1_46' title='bbox 1060 408 1139 434; x_wconf 89' lang='lat' dir='ltr'>non</span> <span class='ocrx_word' id='word_1_47' title='bbox 1168 398 1206 433; x_wconf 91' lang='lat' dir='ltr'>in</span> <span class='ocrx_word' id='word_1_48' title='bbox 1232 398 1366 434; x_wconf 87' lang='lat' dir='ltr'>arteriis</span> <span class='ocrx_word' id='word_1_49' title='bbox 1384 424 1394 440; x_wconf 90' lang='lat'>,</span> <span class='ocrx_word' id='word_1_50' title='bbox 1429 403 1489 433; x_wconf 89' lang='lat' dir='ltr'>aut</span> <span class='ocrx_word' id='word_1_51' title='bbox 1520 396 1689 444; x_wconf 80' lang='lat' dir='ltr'>magnis,</span> 
     </span>
     <span class='ocr_line' id='line_1_6' title="bbox 77 463 341 501; baseline -0.008 0"><span class='ocrx_word' id='word_1_52' title='bbox 77 471 138 501; x_wconf 84' lang='lat' dir='ltr'>aut</span> <span class='ocrx_word' id='word_1_53' title='bbox 170 463 341 499; x_wconf 88' lang='lat' dir='ltr'>minimis.</span> 
     </span>
    </p>

    <p class='ocr_par' dir='ltr' id='par_1_3' title="bbox 71 515 1694 1167">
     <span class='ocr_line' id='line_1_7' title="bbox 139 515 1692 566; baseline -0.005 -6"><span class='ocrx_word' id='word_1_54' title='bbox 139 521 376 560; x_wconf 86' lang='lat' dir='ltr'>Evolutiones</span> <span class='ocrx_word' id='word_1_55' title='bbox 402 521 508 557; x_wconf 89' lang='lat' dir='ltr'>etiam</span> <span class='ocrx_word' id='word_1_56' title='bbox 533 517 719 560; x_wconf 79' lang='lat' dir='ltr'>animalis,</span> <span class='ocrx_word' id='word_1_57' title='bbox 759 515 1014 566; x_wconf 77' lang='lat' dir='ltr'>-maximasque</span> <span class='ocrx_word' id='word_1_58' title='bbox 1042 517 1080 553; x_wconf 91' lang='lat' dir='ltr'>in</span> <span class='ocrx_word' id='word_1_59' title='bbox 1116 522 1192 554; x_wconf 85' lang='lat' dir='ltr'>tota</span> <span class='ocrx_word' id='word_1_60' title='bbox 1222 515 1352 552; x_wconf 85' lang='lat' dir='ltr'>fabrica</span> <span class='ocrx_word' id='word_1_61' title='bbox 1375 516 1619 558; x_wconf 78' lang='lat' dir='ltr'>mutationes,</span> <span class='ocrx_word' id='word_1_62' title='bbox 1655 517 1692 553; x_wconf 86' lang='lat' dir='ltr'>vi</span> 
     </span>
     <span class='ocr_line' id='line_1_8' title="bbox 76 574 1694 629; baseline -0.004 -10"><span class='ocrx_word' id='word_1_63' title='bbox 76 582 199 619; x_wconf 90' lang='lat' dir='ltr'>cordis</span> <span class='ocrx_word' id='word_1_64' title='bbox 215 581 378 629; x_wconf 84' lang='lat' dir='ltr'>urgentis</span> <span class='ocrx_word' id='word_1_65' title='bbox 401 578 551 629; x_wconf 85' lang='lat' dir='ltr'>perfici,</span> <span class='ocrx_word' id='word_1_66' title='bbox 590 577 716 615; x_wconf 58' lang='lat' dir='ltr'>insecta</span> <span class='ocrx_word' id='word_1_67' title='bbox 736 576 918 614; x_wconf 80' lang='lat' dir='ltr'>declarant</span> <span class='ocrx_word' id='word_1_68' title='bbox 941 578 991 625; x_wconf 86' lang='lat' dir='ltr'>(s</span> <span class='ocrx_word' id='word_1_69' title='bbox 1008 576 1034 621; x_wconf 83' lang='grc'>&gt;.</span> <span class='ocrx_word' id='word_1_70' title='bbox 1086 575 1223 614; x_wconf 87' lang='lat' dir='ltr'>lterum</span> <span class='ocrx_word' id='word_1_71' title='bbox 1247 574 1480 613; x_wconf 81' lang='lat' dir='ltr'>certislimum</span> <span class='ocrx_word' id='word_1_72' title='bbox 1506 575 1577 617; x_wconf 90' lang='lat' dir='ltr'>est,</span> <span class='ocrx_word' id='word_1_73' title='bbox 1611 574 1694 624; x_wconf 88' lang='lat' dir='ltr'>pul-</span> 
     </span>
     <span class='ocr_line' id='line_1_9' title="bbox 76 633 1693 686; baseline -0.004 -8"><span class='ocrx_word' id='word_1_74' title='bbox 76 641 175 684; x_wconf 87' lang='lat' dir='ltr'>sum,</span> <span class='ocrx_word' id='word_1_75' title='bbox 215 641 250 677; x_wconf 68' lang='grc' dir='ltr'>δι</span> <span class='ocrx_word' id='word_1_76' title='bbox 278 647 423 677; x_wconf 89' lang='lat' dir='ltr'>motum</span> <span class='ocrx_word' id='word_1_77' title='bbox 446 638 539 676; x_wconf 86' lang='lat' dir='ltr'>adeo</span> <span class='ocrx_word' id='word_1_78' title='bbox 564 637 750 686; x_wconf 87' lang='lat' dir='ltr'>sanguinis</span> <span class='ocrx_word' id='word_1_79' title='bbox 776 636 895 674; x_wconf 86' lang='lat' dir='ltr'>ablato</span> <span class='ocrx_word' id='word_1_80' title='bbox 922 635 1044 673; x_wconf 88' lang='lat' dir='ltr'>cordis</span> <span class='ocrx_word' id='word_1_81' title='bbox 1069 644 1174 673; x_wconf 91' lang='lat' dir='ltr'>motu</span> <span class='ocrx_word' id='word_1_82' title='bbox 1199 634 1319 673; x_wconf 88' lang='lat' dir='ltr'>subito</span> <span class='ocrx_word' id='word_1_83' title='bbox 1341 635 1523 684; x_wconf 84' lang='lat' dir='ltr'>supprimi.</span> <span class='ocrx_word' id='word_1_84' title='bbox 1569 633 1611 672; x_wconf 90' lang='lat' dir='ltr'>In</span> <span class='ocrx_word' id='word_1_85' title='bbox 1639 635 1693 672; x_wconf 83' lang='lat' dir='ltr'>vi-</span> 
     </span>
     <span class='ocr_line' id='line_1_10' title="bbox 76 693 1691 746; baseline -0.003 -9"><span class='ocrx_word' id='word_1_86' title='bbox 76 711 123 737; x_wconf 90' lang='lat' dir='ltr'>vo</span> <span class='ocrx_word' id='word_1_87' title='bbox 153 700 327 742; x_wconf 88' lang='lat' dir='ltr'>homine,</span> <span class='ocrx_word' id='word_1_88' title='bbox 352 711 438 736; x_wconf 88' lang='lat' dir='ltr'>cum</span> <span class='ocrx_word' id='word_1_89' title='bbox 459 710 524 736; x_wconf 89' lang='lat' dir='ltr'>cor</span> <span class='ocrx_word' id='word_1_90' title='bbox 545 705 777 746; x_wconf 81' lang='lat' dir='ltr'>tangeretur,</span> <span class='ocrx_word' id='word_1_91' title='bbox 813 696 926 734; x_wconf 83' lang='lat' dir='ltr'>subita</span> <span class='ocrx_word' id='word_1_92' title='bbox 951 695 1109 745; x_wconf 87' lang='lat' dir='ltr'>syncope</span> <span class='ocrx_word' id='word_1_93' title='bbox 1138 694 1296 733; x_wconf 86' lang='lat' dir='ltr'>succeffit</span> <span class='ocrx_word' id='word_1_94' title='bbox 1321 697 1339 739; x_wconf 89' lang='lat'>[</span> <span class='ocrx_word' id='word_1_95' title='bbox 1360 700 1376 731; x_wconf 85' lang='lat' dir='ltr'>t</span> <span class='ocrx_word' id='word_1_96' title='bbox 1393 697 1421 740; x_wconf 89' lang='lat'>].</span> <span class='ocrx_word' id='word_1_97' title='bbox 1469 693 1691 741; x_wconf 78' lang='lat' dir='ltr'>Quiescente</span> 
     </span>
     <span class='ocr_line' id='line_1_11' title="bbox 74 753 1691 807; baseline -0.004 -9"><span class='ocrx_word' id='word_1_98' title='bbox 74 767 135 798; x_wconf 87' lang='lat' dir='ltr'>aut</span> <span class='ocrx_word' id='word_1_99' title='bbox 161 759 300 796; x_wconf 89' lang='lat' dir='ltr'>sublato</span> <span class='ocrx_word' id='word_1_100' title='bbox 325 758 436 797; x_wconf 86' lang='lat' dir='ltr'>corde</span> <span class='ocrx_word' id='word_1_101' title='bbox 462 757 583 807; x_wconf 87' lang='lat' dir='ltr'>pulsus</span> <span class='ocrx_word' id='word_1_102' title='bbox 603 757 742 794; x_wconf 74' lang='lat' dir='ltr'>tolhtur</span> <span class='ocrx_word' id='word_1_103' title='bbox 770 758 878 801; x_wconf 88' lang='lat' dir='ltr'>[u]‚</span> <span class='ocrx_word' id='word_1_104' title='bbox 931 763 971 792; x_wconf 91' lang='lat' dir='ltr'>ut</span> <span class='ocrx_word' id='word_1_105' title='bbox 1001 756 1201 792; x_wconf 79' lang='lat' dir='ltr'>innumeris</span> <span class='ocrx_word' id='word_1_106' title='bbox 1240 756 1277 791; x_wconf 90' lang='lat' dir='ltr'>in</span> <span class='ocrx_word' id='word_1_107' title='bbox 1308 754 1483 803; x_wconf 86' lang='lat' dir='ltr'>exemplis</span> <span class='ocrx_word' id='word_1_108' title='bbox 1517 754 1600 791; x_wconf 88' lang='lat' dir='ltr'>vidi.</span> <span class='ocrx_word' id='word_1_109' title='bbox 1646 753 1691 792; x_wconf 86' lang='lat' dir='ltr'>In</span> 
     </span>
     <span class='ocr_line' id='line_1_12' title="bbox 71 810 1689 868; baseline -0.003 -11"><span class='ocrx_word' id='word_1_110' title='bbox 71 821 206 868; x_wconf 81' lang='lat' dir='ltr'>juvene</span> <span class='ocrx_word' id='word_1_111' title='bbox 224 848 233 861; x_wconf 87' lang='lat'>‚</span> <span class='ocrx_word' id='word_1_112' title='bbox 273 820 331 856; x_wconf 87' lang='lat' dir='ltr'>cui</span> <span class='ocrx_word' id='word_1_113' title='bbox 349 829 428 867; x_wconf 88' lang='lat' dir='ltr'>pars</span> <span class='ocrx_word' id='word_1_114' title='bbox 449 817 570 854; x_wconf 85' lang='lat' dir='ltr'>cordis</span> <span class='ocrx_word' id='word_1_115' title='bbox 590 814 702 858; x_wconf 82' lang='lat' dir='ltr'>ossea,</span> <span class='ocrx_word' id='word_1_116' title='bbox 736 816 772 852; x_wconf 87' lang='lat'>&amp;</span> <span class='ocrx_word' id='word_1_117' title='bbox 791 827 869 864; x_wconf 85' lang='lat' dir='ltr'>pars</span> <span class='ocrx_word' id='word_1_118' title='bbox 897 814 1034 863; x_wconf 82' lang='lat' dir='ltr'>lapidea</span> <span class='ocrx_word' id='word_1_119' title='bbox 1063 815 1154 858; x_wconf 88' lang='lat' dir='ltr'>fuit,</span> <span class='ocrx_word' id='word_1_120' title='bbox 1185 814 1305 852; x_wconf 84' lang='lat' dir='ltr'>nullus</span> <span class='ocrx_word' id='word_1_121' title='bbox 1327 816 1478 862; x_wconf 84' lang='lat' dir='ltr'>integris</span> <span class='ocrx_word' id='word_1_122' title='bbox 1513 824 1568 859; x_wconf 85' lang='lat'>24</span> <span class='ocrx_word' id='word_1_123' title='bbox 1588 810 1689 852; x_wconf 78' lang='lat' dir='ltr'>hotis</span> 
     </span>
     <span class='ocr_line' id='line_1_13' title="bbox 73 872 1690 928; baseline -0.004 -12"><span class='ocrx_word' id='word_1_124' title='bbox 73 881 111 917; x_wconf 87' lang='lat' dir='ltr'>in</span> <span class='ocrx_word' id='word_1_125' title='bbox 133 890 242 928; x_wconf 82' lang='lat' dir='ltr'>carpo</span> <span class='ocrx_word' id='word_1_126' title='bbox 261 907 270 922; x_wconf 92' lang='lat'>,</span> <span class='ocrx_word' id='word_1_127' title='bbox 306 877 427 927; x_wconf 88' lang='lat' dir='ltr'>pulsus</span> <span class='ocrx_word' id='word_1_128' title='bbox 453 878 553 926; x_wconf 87' lang='lat' dir='ltr'>tangi</span> <span class='ocrx_word' id='word_1_129' title='bbox 576 877 697 926; x_wconf 90' lang='lat' dir='ltr'>potuit</span> <span class='ocrx_word' id='word_1_130' title='bbox 718 875 812 922; x_wconf 88' lang='lat' dir='ltr'>(x).</span> <span class='ocrx_word' id='word_1_131' title='bbox 850 873 976 923; x_wconf 79' lang='lat' dir='ltr'>Ligata</span> <span class='ocrx_word' id='word_1_132' title='bbox 996 876 1121 911; x_wconf 87' lang='lat' dir='ltr'>arteria</span> <span class='ocrx_word' id='word_1_133' title='bbox 1138 902 1147 916; x_wconf 94' lang='lat'><strong>,</strong></span> <span class='ocrx_word' id='word_1_134' title='bbox 1180 883 1218 911; x_wconf 87' lang='lat' dir='ltr'>ut</span> <span class='ocrx_word' id='word_1_135' title='bbox 1238 874 1358 911; x_wconf 88' lang='lat' dir='ltr'>cordis</span> <span class='ocrx_word' id='word_1_136' title='bbox 1388 876 1439 910; x_wconf 90' lang='lat' dir='ltr'>vis</span> <span class='ocrx_word' id='word_1_137' title='bbox 1461 872 1505 909; x_wconf 86' lang='lat' dir='ltr'>ad</span> <span class='ocrx_word' id='word_1_138' title='bbox 1533 874 1610 920; x_wconf 88' lang='lat' dir='ltr'>ejus</span> <span class='ocrx_word' id='word_1_139' title='bbox 1636 885 1690 910; x_wconf 86' lang='lat' dir='ltr'>ra-</span> 
     </span>
     <span class='ocr_line' id='line_1_14' title="bbox 72 932 1690 987; baseline -0.004 -11"><span class='ocrx_word' id='word_1_140' title='bbox 72 951 154 976; x_wconf 89' lang='lat' dir='ltr'>mos</span> <span class='ocrx_word' id='word_1_141' title='bbox 180 939 368 987; x_wconf 86' lang='lat' dir='ltr'>pervenire</span> <span class='ocrx_word' id='word_1_142' title='bbox 394 944 579 986; x_wconf 89' lang='lat' dir='ltr'>nequeat,</span> <span class='ocrx_word' id='word_1_143' title='bbox 627 933 748 986; x_wconf 89' lang='lat' dir='ltr'>pulsus</span> <span class='ocrx_word' id='word_1_144' title='bbox 775 942 870 971; x_wconf 84' lang='lat' dir='ltr'>trans</span> <span class='ocrx_word' id='word_1_145' title='bbox 904 933 1092 971; x_wconf 88' lang='lat' dir='ltr'>vinculum</span> <span class='ocrx_word' id='word_1_146' title='bbox 1125 932 1243 970; x_wconf 88' lang='lat' dir='ltr'>subito</span> <span class='ocrx_word' id='word_1_147' title='bbox 1270 933 1504 983; x_wconf 85' lang='lat' dir='ltr'>supprimitur</span> <span class='ocrx_word' id='word_1_148' title='bbox 1533 933 1622 980; x_wconf 80' lang='lat' dir='ltr'>(y)</span> <span class='ocrx_word' id='word_1_149' title='bbox 1651 933 1690 970; x_wconf 73' lang='grc' dir='ltr'>δε</span> 
     </span>
     <span class='ocr_line' id='line_1_15' title="bbox 71 991 1690 1043; baseline -0.005 -7"><span class='ocrx_word' id='word_1_150' title='bbox 71 1007 218 1036; x_wconf 87' lang='lat' dir='ltr'>remoto</span> <span class='ocrx_word' id='word_1_151' title='bbox 238 997 387 1035; x_wconf 91' lang='lat' dir='ltr'>vinculo</span> <span class='ocrx_word' id='word_1_152' title='bbox 410 997 572 1034; x_wconf 88' lang='lat' dir='ltr'>redditur</span> <span class='ocrx_word' id='word_1_153' title='bbox 595 996 703 1043; x_wconf 83' lang='lat' dir='ltr'><em>(z),</em></span> <span class='ocrx_word' id='word_1_154' title='bbox 742 994 777 1031; x_wconf 87' lang='lat'>&amp;</span> <span class='ocrx_word' id='word_1_155' title='bbox 805 993 934 1031; x_wconf 88' lang='lat' dir='ltr'>vulnus</span> <span class='ocrx_word' id='word_1_156' title='bbox 951 993 1111 1043; x_wconf 87' lang='lat' dir='ltr'>denique</span> <span class='ocrx_word' id='word_1_157' title='bbox 1135 994 1255 1030; x_wconf 87' lang='lat' dir='ltr'>cordis</span> <span class='ocrx_word' id='word_1_158' title='bbox 1271 994 1416 1042; x_wconf 84' lang='lat' dir='ltr'>gravius</span> <span class='ocrx_word' id='word_1_159' title='bbox 1432 1021 1440 1035; x_wconf 96' lang='lat'>‚</span> <span class='ocrx_word' id='word_1_160' title='bbox 1472 1000 1533 1029; x_wconf 80' lang='lat' dir='ltr'>aut</span> <span class='ocrx_word' id='word_1_161' title='bbox 1549 991 1614 1029; x_wconf 86' lang='lat' dir='ltr'>alia</span> <span class='ocrx_word' id='word_1_162' title='bbox 1635 991 1690 1029; x_wconf 77' lang='lat' dir='ltr'>di-</span> 
     </span>
     <span class='ocr_line' id='line_1_16' title="bbox 71 1052 1688 1108; baseline -0.004 -13"><span class='ocrx_word' id='word_1_163' title='bbox 71 1060 195 1108; x_wconf 83' lang='lat' dir='ltr'>ruptio</span> <span class='ocrx_word' id='word_1_164' title='bbox 222 1060 401 1095; x_wconf 88' lang='lat' dir='ltr'>continuo</span> <span class='ocrx_word' id='word_1_165' title='bbox 432 1057 569 1095; x_wconf 85' lang='lat' dir='ltr'>occidit</span> <span class='ocrx_word' id='word_1_166' title='bbox 598 1055 714 1102; x_wconf 85' lang='lat' dir='ltr'>(a):</span> <span class='ocrx_word' id='word_1_167' title='bbox 750 1053 811 1091; x_wconf 72' lang='lat' dir='ltr'>etsi</span> <span class='ocrx_word' id='word_1_168' title='bbox 841 1055 878 1090; x_wconf 88' lang='lat' dir='ltr'>in</span> <span class='ocrx_word' id='word_1_169' title='bbox 911 1053 965 1090; x_wconf 90' lang='lat' dir='ltr'>his</span> <span class='ocrx_word' id='word_1_170' title='bbox 997 1054 1170 1091; x_wconf 86' lang='lat' dir='ltr'>omnibus</span> <span class='ocrx_word' id='word_1_171' title='bbox 1194 1053 1370 1103; x_wconf 83' lang='lat' dir='ltr'>exemplis</span> <span class='ocrx_word' id='word_1_172' title='bbox 1398 1053 1608 1090; x_wconf 84' lang='lat' dir='ltr'>arteriarum</span> <span class='ocrx_word' id='word_1_173' title='bbox 1635 1052 1688 1089; x_wconf 81' lang='lat' dir='ltr'>vi-</span> 
     </span>
     <span class='ocr_line' id='line_1_17' title="bbox 72 1112 1092 1167; baseline -0.006 -12"><span class='ocrx_word' id='word_1_174' title='bbox 72 1131 151 1161; x_wconf 87' lang='lat' dir='ltr'>res,</span> <span class='ocrx_word' id='word_1_175' title='bbox 197 1119 511 1167; x_wconf 84' lang='lat' dir='ltr'>minimorumque</span> <span class='ocrx_word' id='word_1_176' title='bbox 538 1114 704 1153; x_wconf 86' lang='lat' dir='ltr'>vasorum</span> <span class='ocrx_word' id='word_1_177' title='bbox 724 1115 873 1162; x_wconf 65' lang='lat' dir='ltr'>integrae</span> <span class='ocrx_word' id='word_1_178' title='bbox 897 1112 1092 1162; x_wconf 87' lang='lat' dir='ltr'>supersunt.</span> 
     </span>
    </p>

    <p class='ocr_par' dir='ltr' id='par_1_4' title="bbox 67 1172 1690 1818">
     <span class='ocr_line' id='line_1_18' title="bbox 131 1172 1690 1226; baseline -0.003 -11"><span class='ocrx_word' id='word_1_179' title='bbox 131 1176 307 1226; x_wconf 89' lang='lat' dir='ltr'>Denique</span> <span class='ocrx_word' id='word_1_180' title='bbox 322 1205 331 1220; x_wconf 89' lang='lat'><em>‚</em></span> <span class='ocrx_word' id='word_1_181' title='bbox 366 1176 454 1226; x_wconf 81' lang='lat' dir='ltr'>saepe</span> <span class='ocrx_word' id='word_1_182' title='bbox 465 1175 606 1226; x_wconf 85' lang='lat' dir='ltr'>pullum</span> <span class='ocrx_word' id='word_1_183' title='bbox 620 1173 886 1223; x_wconf 83' lang='lat' dir='ltr'>contemplatus</span> <span class='ocrx_word' id='word_1_184' title='bbox 905 1201 914 1215; x_wconf 92' lang='lat'><strong>,</strong></span> <span class='ocrx_word' id='word_1_185' title='bbox 951 1174 1012 1222; x_wconf 92' lang='lat' dir='ltr'>qui</span> <span class='ocrx_word' id='word_1_186' title='bbox 1025 1185 1099 1210; x_wconf 93' lang='lat' dir='ltr'>ovo</span> <span class='ocrx_word' id='word_1_187' title='bbox 1122 1172 1294 1210; x_wconf 84' lang='lat' dir='ltr'>incubato</span> <span class='ocrx_word' id='word_1_188' title='bbox 1312 1174 1522 1210; x_wconf 81' lang='lat' dir='ltr'>continetur</span> <span class='ocrx_word' id='word_1_189' title='bbox 1537 1201 1546 1214; x_wconf 91' lang='lat'>‚</span> <span class='ocrx_word' id='word_1_190' title='bbox 1582 1172 1690 1210; x_wconf 79' lang='lat' dir='ltr'>com-&#39;</span> 
     </span>
     <span class='ocr_line' id='line_1_19' title="bbox 69 1231 1688 1288; baseline -0.002 -14"><span class='ocrx_word' id='word_1_191' title='bbox 69 1238 192 1288; x_wconf 85' lang='lat' dir='ltr'>paravi</span> <span class='ocrx_word' id='word_1_192' title='bbox 218 1239 345 1274; x_wconf 80' lang='lat' dir='ltr'>mirain</span> <span class='ocrx_word' id='word_1_193' title='bbox 374 1238 600 1274; x_wconf 82' lang='lat' dir='ltr'>vivacitatem</span> <span class='ocrx_word' id='word_1_194' title='bbox 627 1235 664 1271; x_wconf 89' lang='lat'>&amp;</span> <span class='ocrx_word' id='word_1_195' title='bbox 694 1236 840 1283; x_wconf 86' lang='lat' dir='ltr'>igneam</span> <span class='ocrx_word' id='word_1_196' title='bbox 862 1234 935 1270; x_wconf 87' lang='lat' dir='ltr'>vim</span> <span class='ocrx_word' id='word_1_197' title='bbox 977 1233 1146 1274; x_wconf 90' lang='lat' dir='ltr'>corculi,</span> <span class='ocrx_word' id='word_1_198' title='bbox 1192 1231 1256 1269; x_wconf 89' lang='lat' dir='ltr'>sub</span> <span class='ocrx_word' id='word_1_199' title='bbox 1285 1232 1394 1269; x_wconf 86' lang='lat' dir='ltr'>finem</span> <span class='ocrx_word' id='word_1_200' title='bbox 1431 1231 1579 1269; x_wconf 86' lang='lat' dir='ltr'>secundi</span> <span class='ocrx_word' id='word_1_201' title='bbox 1614 1232 1688 1270; x_wconf 84' lang='lat' dir='ltr'>diei</span> 
     </span>
     <span class='ocr_line' id='line_1_20' title="bbox 69 1291 1687 1341; baseline -0.004 -7"><span class='ocrx_word' id='word_1_202' title='bbox 69 1296 291 1339; x_wconf 48' lang='lat' dir='ltr'>duriusculn</span> <span class='ocrx_word' id='word_1_203' title='bbox 326 1295 421 1333; x_wconf 84' lang='lat' dir='ltr'>firmi</span> <span class='ocrx_word' id='word_1_204' title='bbox 448 1297 485 1334; x_wconf 70' lang='grc' dir='ltr'>δε</span> <span class='ocrx_word' id='word_1_205' title='bbox 520 1294 733 1336; x_wconf 87' lang='lat' dir='ltr'>terminati,</span> <span class='ocrx_word' id='word_1_206' title='bbox 774 1305 860 1331; x_wconf 88' lang='lat' dir='ltr'>cum</span> <span class='ocrx_word' id='word_1_207' title='bbox 894 1293 1002 1341; x_wconf 86' lang='lat' dir='ltr'>pigro</span> <span class='ocrx_word' id='word_1_208' title='bbox 1041 1292 1077 1329; x_wconf 89' lang='lat'>&amp;</span> <span class='ocrx_word' id='word_1_209' title='bbox 1106 1291 1293 1329; x_wconf 89' lang='lat' dir='ltr'>diffluente</span> <span class='ocrx_word' id='word_1_210' title='bbox 1324 1303 1462 1334; x_wconf 87' lang='lat' dir='ltr'>muco,</span> <span class='ocrx_word' id='word_1_211' title='bbox 1505 1302 1580 1340; x_wconf 92' lang='lat' dir='ltr'>quo</span> <span class='ocrx_word' id='word_1_212' title='bbox 1604 1291 1687 1328; x_wconf 85' lang='lat' dir='ltr'>reli-</span> 
     </span>
     <span class='ocr_line' id='line_1_21' title="bbox 69 1350 1687 1407; baseline -0.004 -12"><span class='ocrx_word' id='word_1_213' title='bbox 69 1368 188 1407; x_wconf 86' lang='lat' dir='ltr'>quum</span> <span class='ocrx_word' id='word_1_214' title='bbox 214 1356 469 1405; x_wconf 86' lang='lat' dir='ltr'>corpusculum</span> <span class='ocrx_word' id='word_1_215' title='bbox 492 1355 631 1392; x_wconf 76' lang='lat' dir='ltr'>cdnstat</span> <span class='ocrx_word' id='word_1_216' title='bbox 653 1383 663 1397; x_wconf 93' lang='lat'>,</span> <span class='ocrx_word' id='word_1_217' title='bbox 708 1353 745 1390; x_wconf 73' lang='grc' dir='ltr'>δε</span> <span class='ocrx_word' id='word_1_218' title='bbox 773 1364 858 1391; x_wconf 90' lang='lat' dir='ltr'>cum</span> <span class='ocrx_word' id='word_1_219' title='bbox 879 1350 1016 1389; x_wconf 80' lang='lat' dir='ltr'>summa</span> <span class='ocrx_word' id='word_1_220' title='bbox 1037 1351 1190 1389; x_wconf 90' lang='lat' dir='ltr'>mollitie</span> <span class='ocrx_word' id='word_1_221' title='bbox 1219 1351 1466 1388; x_wconf 80' lang='lat' dir='ltr'>arteriolarum</span> <span class='ocrx_word' id='word_1_222' title='bbox 1486 1379 1494 1393; x_wconf 89' lang='lat'>‚</span> <span class='ocrx_word' id='word_1_223' title='bbox 1539 1363 1618 1400; x_wconf 78' lang='lat' dir='ltr'>quae</span> <span class='ocrx_word' id='word_1_224' title='bbox 1646 1352 1687 1389; x_wconf 84' lang='lat' dir='ltr'>in</span> 
     </span>
     <span class='ocr_line' id='line_1_22' title="bbox 70 1409 1685 1461; baseline -0.004 -7"><span class='ocrx_word' id='word_1_225' title='bbox 70 1429 116 1454; x_wconf 90' lang='lat' dir='ltr'>eo</span> <span class='ocrx_word' id='word_1_226' title='bbox 139 1428 250 1454; x_wconf 88' lang='lat' dir='ltr'>muco</span> <span class='ocrx_word' id='word_1_227' title='bbox 274 1424 440 1457; x_wconf 88' lang='lat' dir='ltr'>artuum,</span> <span class='ocrx_word' id='word_1_228' title='bbox 481 1414 725 1455; x_wconf 86' lang='lat' dir='ltr'>viscerumve,</span> <span class='ocrx_word' id='word_1_229' title='bbox 761 1420 822 1450; x_wconf 87' lang='lat' dir='ltr'>aut</span> <span class='ocrx_word' id='word_1_230' title='bbox 849 1413 885 1448; x_wconf 89' lang='lat' dir='ltr'>in</span> <span class='ocrx_word' id='word_1_231' title='bbox 910 1411 1047 1449; x_wconf 88' lang='lat' dir='ltr'>cerebri</span> <span class='ocrx_word' id='word_1_232' title='bbox 1074 1423 1165 1461; x_wconf 81' lang='lat' dir='ltr'>aqua</span> <span class='ocrx_word' id='word_1_233' title='bbox 1197 1413 1350 1460; x_wconf 81' lang='lat' dir='ltr'>cogitari</span> <span class='ocrx_word' id='word_1_234' title='bbox 1378 1409 1550 1460; x_wconf 80' lang='lat' dir='ltr'>possunt:</span> <span class='ocrx_word' id='word_1_235' title='bbox 1586 1411 1685 1449; x_wconf 84' lang='lat' dir='ltr'>facil-</span> 
     </span>
     <span class='ocr_line' id='line_1_23' title="bbox 71 1470 1684 1521; baseline -0.005 -7"><span class='ocrx_word' id='word_1_236' title='bbox 71 1476 203 1514; x_wconf 87' lang='lat' dir='ltr'>limum</span> <span class='ocrx_word' id='word_1_237' title='bbox 231 1477 339 1513; x_wconf 88' lang='lat' dir='ltr'>etiam</span> <span class='ocrx_word' id='word_1_238' title='bbox 365 1474 400 1512; x_wconf 92' lang='lat' dir='ltr'>H</span> <span class='ocrx_word' id='word_1_239' title='bbox 421 1486 604 1512; x_wconf 59' lang='lat' dir='ltr'>navem</span> <span class='ocrx_word' id='word_1_240' title='bbox 637 1474 931 1521; x_wconf 82' lang='lat' dir='ltr'>experimentum</span> <span class='ocrx_word' id='word_1_241' title='bbox 960 1470 1049 1519; x_wconf 87' lang='lat' dir='ltr'>saepe</span> <span class='ocrx_word' id='word_1_242' title='bbox 1083 1472 1236 1520; x_wconf 84' lang='lat' dir='ltr'>repetii,</span> <span class='ocrx_word' id='word_1_243' title='bbox 1284 1483 1360 1521; x_wconf 90' lang='lat' dir='ltr'>quo</span> <span class='ocrx_word' id='word_1_244' title='bbox 1390 1471 1566 1518; x_wconf 82' lang='lat' dir='ltr'>languens</span> <span class='ocrx_word' id='word_1_245' title='bbox 1594 1470 1684 1520; x_wconf 87' lang='lat' dir='ltr'>pulli</span> 
     </span>
     <span class='ocr_line' id='line_1_24' title="bbox 69 1530 1680 1583; baseline -0.005 -9"><span class='ocrx_word' id='word_1_246' title='bbox 69 1535 261 1574; x_wconf 87' lang='lat' dir='ltr'>corculum</span> <span class='ocrx_word' id='word_1_247' title='bbox 288 1534 433 1572; x_wconf 86' lang='lat' dir='ltr'>stimulo</span> <span class='ocrx_word' id='word_1_248' title='bbox 452 1562 461 1576; x_wconf 85' lang='lat'><strong>‚</strong></span> <span class='ocrx_word' id='word_1_249' title='bbox 508 1541 656 1583; x_wconf 85' lang='lat' dir='ltr'>guttave</span> <span class='ocrx_word' id='word_1_250' title='bbox 687 1543 788 1581; x_wconf 85' lang='lat' dir='ltr'>aquae</span> <span class='ocrx_word' id='word_1_251' title='bbox 822 1530 958 1574; x_wconf 88' lang='lat' dir='ltr'>calida,</span> <span class='ocrx_word' id='word_1_252' title='bbox 1000 1530 1046 1567; x_wconf 90' lang='lat' dir='ltr'>ad</span> <span class='ocrx_word' id='word_1_253' title='bbox 1073 1531 1303 1568; x_wconf 88' lang='lat' dir='ltr'>celerrimum</span> <span class='ocrx_word' id='word_1_254' title='bbox 1325 1559 1334 1574; x_wconf 88' lang='lat'>,</span> <span class='ocrx_word' id='word_1_255' title='bbox 1394 1532 1506 1579; x_wconf 89' lang='lat' dir='ltr'>inque</span> <span class='ocrx_word' id='word_1_256' title='bbox 1551 1542 1680 1567; x_wconf 87' lang='lat' dir='ltr'>omnes</span> 
     </span>
     <span class='ocr_line' id='line_1_25' title="bbox 69 1589 1682 1641; baseline -0.004 -8"><span class='ocrx_word' id='word_1_257' title='bbox 69 1597 210 1633; x_wconf 84' lang='lat' dir='ltr'>arterias</span> <span class='ocrx_word' id='word_1_258' title='bbox 226 1595 332 1632; x_wconf 88' lang='lat' dir='ltr'>etiam</span> <span class='ocrx_word' id='word_1_259' title='bbox 349 1594 641 1631; x_wconf 83' lang='lat' dir='ltr'>membranarum</span> <span class='ocrx_word' id='word_1_260' title='bbox 665 1599 905 1641; x_wconf 88' lang='lat' dir='ltr'>propagatum</span> <span class='ocrx_word' id='word_1_261' title='bbox 924 1618 934 1633; x_wconf 93' lang='lat'><strong><em>‚</em></strong></span> <span class='ocrx_word' id='word_1_262' title='bbox 969 1597 1114 1628; x_wconf 91' lang='lat' dir='ltr'>motum</span> <span class='ocrx_word' id='word_1_263' title='bbox 1146 1589 1348 1632; x_wconf 82' lang='lat' dir='ltr'>suscitatur,</span> <span class='ocrx_word' id='word_1_264' title='bbox 1381 1602 1466 1627; x_wconf 88' lang='lat' dir='ltr'>cum</span> <span class='ocrx_word' id='word_1_265' title='bbox 1484 1589 1586 1627; x_wconf 93' lang='lat' dir='ltr'>nullo</span> <span class='ocrx_word' id='word_1_266' title='bbox 1610 1589 1682 1627; x_wconf 86' lang='lat' dir='ltr'>alio</span> 
     </span>
     <span class='ocr_line' id='line_1_26' title="bbox 68 1648 1682 1699; baseline -0.004 -6"><span class='ocrx_word' id='word_1_267' title='bbox 68 1655 186 1693; x_wconf 87' lang='lat' dir='ltr'>modo</span> <span class='ocrx_word' id='word_1_268' title='bbox 204 1682 214 1696; x_wconf 91' lang='lat'>,</span> <span class='ocrx_word' id='word_1_269' title='bbox 243 1654 339 1691; x_wconf 89' lang='lat' dir='ltr'>nulla</span> <span class='ocrx_word' id='word_1_270' title='bbox 355 1655 554 1691; x_wconf 82' lang='lat' dir='ltr'>irritatione</span> <span class='ocrx_word' id='word_1_271' title='bbox 570 1653 776 1690; x_wconf 82' lang='lat' dir='ltr'>arteriarum</span> <span class='ocrx_word' id='word_1_272' title='bbox 789 1679 798 1693; x_wconf 90' lang='lat'>,</span> <span class='ocrx_word' id='word_1_273' title='bbox 827 1650 1094 1699; x_wconf 88' lang='lat' dir='ltr'>viscerumque,</span> <span class='ocrx_word' id='word_1_274' title='bbox 1118 1650 1319 1699; x_wconf 81' lang='lat' dir='ltr'>quidquam</span> <span class='ocrx_word' id='word_1_275' title='bbox 1339 1649 1396 1685; x_wconf 81' lang='lat' dir='ltr'>vel</span> <span class='ocrx_word' id='word_1_276' title='bbox 1412 1651 1553 1686; x_wconf 88' lang='lat' dir='ltr'>eminus</span> <span class='ocrx_word' id='word_1_277' title='bbox 1568 1648 1682 1687; x_wconf 82' lang='lat' dir='ltr'>simile</span> 
     </span>
     <span class='ocr_line' id='line_1_27' title="bbox 69 1708 1687 1753; baseline -0.004 0"><span class='ocrx_word' id='word_1_278' title='bbox 69 1724 132 1753; x_wconf 87' lang='lat' dir='ltr'>aut</span> <span class='ocrx_word' id='word_1_279' title='bbox 153 1715 348 1752; x_wconf 87' lang='lat' dir='ltr'>minimum</span> <span class='ocrx_word' id='word_1_280' title='bbox 369 1721 513 1751; x_wconf 89' lang='lat' dir='ltr'>motum</span> <span class='ocrx_word' id='word_1_281' title='bbox 529 1715 685 1749; x_wconf 81' lang='lat' dir='ltr'>excitare</span> <span class='ocrx_word' id='word_1_282' title='bbox 702 1711 813 1748; x_wconf 83' lang='lat' dir='ltr'>liceat.</span> <span class='ocrx_word' id='word_1_283' title='bbox 851 1710 923 1747; x_wconf 88' lang='lat' dir='ltr'>Sed</span> <span class='ocrx_word' id='word_1_284' title='bbox 949 1711 1054 1747; x_wconf 78' lang='lat' dir='ltr'>etiam</span> <span class='ocrx_word' id='word_1_285' title='bbox 1076 1712 1113 1747; x_wconf 89' lang='lat' dir='ltr'>in</span> <span class='ocrx_word' id='word_1_286' title='bbox 1136 1710 1307 1752; x_wconf 87' lang='lat' dir='ltr'>homine,</span> <span class='ocrx_word' id='word_1_287' title='bbox 1338 1718 1397 1746; x_wconf 89' lang='lat' dir='ltr'>aut</span> <span class='ocrx_word' id='word_1_288' title='bbox 1423 1708 1575 1745; x_wconf 89' lang='lat' dir='ltr'>animale</span> <span class='ocrx_word' id='word_1_289' title='bbox 1598 1708 1687 1746; x_wconf 64' lang='lat' dir='ltr'>cali-</span> 
     </span>
     <span class='ocr_line' id='line_1_28' title="bbox 67 1768 1678 1818; baseline -0.005 -5"><span class='ocrx_word' id='word_1_290' title='bbox 67 1775 118 1813; x_wconf 86' lang='lat' dir='ltr'>do</span> <span class='ocrx_word' id='word_1_291' title='bbox 134 1803 144 1818; x_wconf 91' lang='lat'>‚</span> <span class='ocrx_word' id='word_1_292' title='bbox 183 1782 346 1812; x_wconf 88' lang='lat' dir='ltr'>naturam</span> <span class='ocrx_word' id='word_1_293' title='bbox 371 1773 510 1810; x_wconf 91' lang='lat' dir='ltr'>summe</span> <span class='ocrx_word' id='word_1_294' title='bbox 530 1772 741 1810; x_wconf 78' lang='lat' dir='ltr'>irritabilem</span> <span class='ocrx_word' id='word_1_295' title='bbox 768 1770 910 1813; x_wconf 79' lang='lat' dir='ltr'>cordis,</span> <span class='ocrx_word' id='word_1_296' title='bbox 946 1771 1097 1818; x_wconf 80' lang='lat' dir='ltr'>ignaviae</span> <span class='ocrx_word' id='word_1_297' title='bbox 1126 1771 1178 1806; x_wconf 91' lang='lat' dir='ltr'>vis</span> <span class='ocrx_word' id='word_1_298' title='bbox 1203 1768 1419 1807; x_wconf 67' lang='lat' dir='ltr'>contrastilis</span> <span class='ocrx_word' id='word_1_299' title='bbox 1445 1777 1678 1811; x_wconf 82' lang='lat' dir='ltr'>arteriarum,</span> 
     </span>
    </p>
   </div>
   <div class='ocr_carea' id='block_1_3' title="bbox 66 1828 1679 1924">
    <p class='ocr_par' dir='ltr' id='par_1_5' title="bbox 66 1828 1679 1924">
     <span class='ocr_line' id='line_1_29' title="bbox 66 1828 1678 1884; baseline -0.004 -12"><span class='ocrx_word' id='word_1_300' title='bbox 66 1835 106 1872; x_wconf 85' lang='lat'>&amp;</span> <span class='ocrx_word' id='word_1_301' title='bbox 127 1833 290 1884; x_wconf 70' lang='lat' dir='ltr'>perfestae</span> <span class='ocrx_word' id='word_1_302' title='bbox 315 1834 354 1870; x_wconf 89' lang='lat' dir='ltr'>in</span> <span class='ocrx_word' id='word_1_303' title='bbox 374 1832 514 1882; x_wconf 86' lang='lat' dir='ltr'>frigidis</span> <span class='ocrx_word' id='word_1_304' title='bbox 537 1834 654 1869; x_wconf 84' lang='lat' dir='ltr'>bestiis</span> <span class='ocrx_word' id='word_1_305' title='bbox 671 1831 829 1873; x_wconf 83' lang='lat' dir='ltr'>inertiae,</span> <span class='ocrx_word' id='word_1_306' title='bbox 859 1829 896 1866; x_wconf 70' lang='grc' dir='ltr'>δι</span> <span class='ocrx_word' id='word_1_307' title='bbox 912 1829 1096 1867; x_wconf 88' lang='lat' dir='ltr'>immobili</span> <span class='ocrx_word' id='word_1_308' title='bbox 1112 1830 1260 1879; x_wconf 87' lang='lat' dir='ltr'>corpori</span> <span class='ocrx_word' id='word_1_309' title='bbox 1279 1828 1499 1878; x_wconf 85' lang='lat' dir='ltr'>reliquarum</span> <span class='ocrx_word' id='word_1_310' title='bbox 1520 1829 1678 1877; x_wconf 85' lang='lat' dir='ltr'>partium</span> 
     </span>
     <span class='ocr_line' id='line_1_30' title="bbox 1597 1898 1679 1924; baseline 0 0"><span class='ocrx_word' id='word_1_311' title='bbox 1597 1898 1679 1924; x_wconf 90' lang='lat' dir='ltr'>om-</span> 
     </span>
    </p>
   </div>
   <div class='ocr_carea' id='block_1_4' title="bbox 66 2012 1678 2430">
    <p class='ocr_par' dir='ltr' id='par_1_6' title="bbox 69 2012 1678 2181">
     <span class='ocr_line' id='line_1_31' title="bbox 112 2012 1123 2056; baseline -0.001 -8"><span class='ocrx_word' id='word_1_312' title='bbox 112 2017 157 2055; x_wconf 87' lang='lat' dir='ltr'>(r</span> <span class='ocrx_word' id='word_1_313' title='bbox 177 2018 192 2056; x_wconf 83' lang='lat'><em>)</em></span> <span class='ocrx_word' id='word_1_314' title='bbox 213 2017 289 2051; x_wconf 85' lang='lat' dir='ltr'>Ibid.</span> <span class='ocrx_word' id='word_1_315' title='bbox 311 2015 444 2055; x_wconf 79' lang='lat' dir='ltr'>scalpello</span> <span class='ocrx_word' id='word_1_316' title='bbox 469 2016 588 2048; x_wconf 80' lang='lat' dir='ltr'>admoto</span> <span class='ocrx_word' id='word_1_317' title='bbox 606 2014 631 2048; x_wconf 89' lang='lat' dir='ltr'><strong>Z</strong></span> <span class='ocrx_word' id='word_1_318' title='bbox 645 2025 704 2047; x_wconf 83' lang='lat' dir='ltr'>on.</span> <span class='ocrx_word' id='word_1_319' title='bbox 734 2013 790 2047; x_wconf 75' lang='grc' dir='ltr'>ΟΛ</span> <span class='ocrx_word' id='word_1_320' title='bbox 804 2023 823 2046; x_wconf 80' lang='lat'>1.</span> <span class='ocrx_word' id='word_1_321' title='bbox 837 2026 854 2045; x_wconf 79' lang='lat' dir='ltr'>x.</span> <span class='ocrx_word' id='word_1_322' title='bbox 890 2012 918 2046; x_wconf 88' lang='lat' dir='ltr'>P.</span> <span class='ocrx_word' id='word_1_323' title='bbox 945 2013 981 2046; x_wconf 85' lang='grc' dir='ltr'>Π.</span> <span class='ocrx_word' id='word_1_324' title='bbox 1003 2024 1030 2054; x_wconf 84' lang='grc' dir='ltr'>ρ.</span> <span class='ocrx_word' id='word_1_325' title='bbox 1056 2018 1123 2052; x_wconf 77' lang='lat'>264.</span> 
     </span>
     <span class='ocr_line' id='line_1_32' title="bbox 69 2053 1678 2130; baseline -0.006 -39"><span class='ocrx_word' id='word_1_326' title='bbox 69 2101 88 2130; x_wconf 53' lang='grc' dir='ltr'><strong>ὃ</strong></span> <span class='ocrx_word' id='word_1_327' title='bbox 108 2060 122 2096; x_wconf 90' lang='grc'>(</span> <span class='ocrx_word' id='word_1_328' title='bbox 142 2070 155 2090; x_wconf 88' lang='lat'><em>5</em></span> <span class='ocrx_word' id='word_1_329' title='bbox 176 2061 189 2097; x_wconf 88' lang='lat'>)</span> <span class='ocrx_word' id='word_1_330' title='bbox 212 2060 310 2091; x_wconf 83' lang='lat' dir='ltr'>Erucae</span> <span class='ocrx_word' id='word_1_331' title='bbox 333 2060 363 2090; x_wconf 86' lang='lat' dir='ltr'>in</span> <span class='ocrx_word' id='word_1_332' title='bbox 381 2057 567 2098; x_wconf 55' lang='lat' dir='ltr'>chrysallidem</span> <span class='ocrx_word' id='word_1_333' title='bbox 582 2060 703 2090; x_wconf 77' lang='lat' dir='ltr'>mutatio</span> <span class='ocrx_word' id='word_1_334' title='bbox 727 2059 759 2089; x_wconf 84' lang='lat' dir='ltr'>fit</span> <span class='ocrx_word' id='word_1_335' title='bbox 785 2058 812 2089; x_wconf 88' lang='lat' dir='ltr'>vi</span> <span class='ocrx_word' id='word_1_336' title='bbox 838 2057 934 2089; x_wconf 77' lang='lat' dir='ltr'>cordis</span> <span class='ocrx_word' id='word_1_337' title='bbox 958 2057 1041 2088; x_wconf 88' lang='lat' dir='ltr'>valde</span> <span class='ocrx_word' id='word_1_338' title='bbox 1058 2056 1213 2088; x_wconf 77' lang='lat' dir='ltr'>laborantis</span> <span class='ocrx_word' id='word_1_339' title='bbox 1231 2053 1296 2087; x_wconf 78' lang='grc' dir='ltr'>ΜΛ</span> <span class='ocrx_word' id='word_1_340' title='bbox 1311 2065 1328 2085; x_wconf 80' lang='lat' dir='ltr'>L</span> <span class='ocrx_word' id='word_1_341' title='bbox 1341 2062 1356 2084; x_wconf 72' lang='lat' dir='ltr'>r</span> <span class='ocrx_word' id='word_1_342' title='bbox 1371 2063 1412 2085; x_wconf 68' lang='lat' dir='ltr'>:G</span> <span class='ocrx_word' id='word_1_343' title='bbox 1428 2063 1450 2085; x_wconf 78' lang='lat' dir='ltr'>H</span> <span class='ocrx_word' id='word_1_344' title='bbox 1464 2065 1474 2084; x_wconf 87' lang='lat'>1</span> <span class='ocrx_word' id='word_1_345' title='bbox 1488 2064 1509 2085; x_wconf 81' lang='lat' dir='ltr'>u</span> <span class='ocrx_word' id='word_1_346' title='bbox 1524 2063 1536 2084; x_wconf 85' lang='lat' dir='ltr'>s</span> <span class='ocrx_word' id='word_1_347' title='bbox 1557 2053 1591 2082; x_wconf 79' lang='lat' dir='ltr'>de</span> <span class='ocrx_word' id='word_1_348' title='bbox 1602 2053 1678 2082; x_wconf 77' lang='lat' dir='ltr'>hom-</span> 
     </span>
     <span class='ocr_line' id='line_1_33' title="bbox 86 2105 1110 2181; baseline -0.003 -9"><span class='ocrx_word' id='word_1_349' title='bbox 86 2110 187 2180; x_wconf 35' lang='lat' dir='ltr'>Jsetp).</span> <span class='ocrx_word' id='word_1_350' title='bbox 208 2105 283 2174; x_wconf 57' lang='grc' dir='ltr'>ΙῖεῗῬ</span> <span class='ocrx_word' id='word_1_351' title='bbox 296 2153 311 2173; x_wconf 69' lang='lat' dir='ltr'>u</span> <span class='ocrx_word' id='word_1_352' title='bbox 323 2150 345 2173; x_wconf 73' lang='lat' dir='ltr'>Y</span> <span class='ocrx_word' id='word_1_353' title='bbox 357 2152 378 2172; x_wconf 72' lang='grc' dir='ltr'>Ρ.</span> <span class='ocrx_word' id='word_1_354' title='bbox 390 2152 408 2173; x_wconf 92' lang='grc' dir='ltr'><strong>ο</strong></span> <span class='ocrx_word' id='word_1_355' title='bbox 420 2152 442 2172; x_wconf 72' lang='grc' dir='ltr'><strong>Ν</strong></span> <span class='ocrx_word' id='word_1_356' title='bbox 458 2151 496 2173; x_wconf 70' lang='grc' dir='ltr'>ιε</span> <span class='ocrx_word' id='word_1_357' title='bbox 523 2142 600 2181; x_wconf 85' lang='lat' dir='ltr'>apud</span> <span class='ocrx_word' id='word_1_358' title='bbox 623 2141 666 2172; x_wconf 89' lang='lat' dir='ltr'>Ill.</span> <span class='ocrx_word' id='word_1_359' title='bbox 689 2141 709 2173; x_wconf 85' lang='lat' dir='ltr'>S</span> <span class='ocrx_word' id='word_1_360' title='bbox 722 2152 737 2172; x_wconf 74' lang='lat' dir='ltr'>s</span> <span class='ocrx_word' id='word_1_361' title='bbox 749 2150 772 2172; x_wconf 74' lang='lat' dir='ltr'>N</span> <span class='ocrx_word' id='word_1_362' title='bbox 785 2150 806 2171; x_wconf 70' lang='lat' dir='ltr'>A</span> <span class='ocrx_word' id='word_1_363' title='bbox 818 2149 837 2170; x_wconf 91' lang='lat' dir='ltr'>c</span> <span class='ocrx_word' id='word_1_364' title='bbox 859 2139 896 2170; x_wconf 89' lang='lat' dir='ltr'>T.</span> <span class='ocrx_word' id='word_1_365' title='bbox 922 2138 961 2172; x_wconf 89' lang='lat'>11.</span> <span class='ocrx_word' id='word_1_366' title='bbox 988 2149 1017 2178; x_wconf 87' lang='lat' dir='ltr'>p.</span> <span class='ocrx_word' id='word_1_367' title='bbox 1045 2149 1110 2179; x_wconf 83' lang='lat'>344.</span> 
     </span>
    </p>

    <p class='ocr_par' dir='ltr' id='par_1_7' title="bbox 110 2184 575 2222">
     <span class='ocr_line' id='line_1_34' title="bbox 110 2184 575 2222; baseline 0.002 -9"><span class='ocrx_word' id='word_1_368' title='bbox 110 2184 190 2221; x_wconf 82' lang='lat' dir='ltr'>(u)</span> <span class='ocrx_word' id='word_1_369' title='bbox 213 2186 284 2222; x_wconf 79' lang='lat' dir='ltr'>Exp.</span> <span class='ocrx_word' id='word_1_370' title='bbox 313 2194 369 2221; x_wconf 85' lang='lat'>2¹9</span> <span class='ocrx_word' id='word_1_371' title='bbox 410 2193 466 2222; x_wconf 86' lang='lat'>227</span> <span class='ocrx_word' id='word_1_372' title='bbox 510 2194 575 2222; x_wconf 84' lang='lat'>229.</span> 
     </span>
    </p>

    <p class='ocr_par' dir='ltr' id='par_1_8' title="bbox 107 2223 531 2263">
     <span class='ocr_line' id='line_1_35' title="bbox 107 2223 531 2263; baseline 0.005 -9"><span class='ocrx_word' id='word_1_373' title='bbox 107 2225 190 2262; x_wconf 76' lang='lat' dir='ltr'>(x)</span> <span class='ocrx_word' id='word_1_374' title='bbox 212 2223 275 2263; x_wconf 77' lang='lat' dir='ltr'>Ohfi</span> <span class='ocrx_word' id='word_1_375' title='bbox 316 2225 457 2263; x_wconf 70' lang='lat' dir='ltr'>Pathosog.</span> <span class='ocrx_word' id='word_1_376' title='bbox 486 2234 531 2260; x_wconf 80' lang='lat'>52.</span> 
     </span>
    </p>

    <p class='ocr_par' dir='ltr' id='par_1_9' title="bbox 107 2264 1675 2314">
     <span class='ocr_line' id='line_1_36' title="bbox 107 2264 1675 2314; baseline -0.009 -12"><span class='ocrx_word' id='word_1_377' title='bbox 107 2266 176 2304; x_wconf 73' lang='lat' dir='ltr'>(y)</span> <span class='ocrx_word' id='word_1_378' title='bbox 197 2264 287 2314; x_wconf 69' lang='lat' dir='ltr'>L.lll.</span> <span class='ocrx_word' id='word_1_379' title='bbox 301 2277 328 2304; x_wconf 81' lang='lat' dir='ltr'>p.</span> <span class='ocrx_word' id='word_1_380' title='bbox 348 2277 413 2304; x_wconf 85' lang='lat'>¹99·</span> <span class='ocrx_word' id='word_1_381' title='bbox 428 2268 533 2297; x_wconf 81' lang='lat' dir='ltr'>Second</span> <span class='ocrx_word' id='word_1_382' title='bbox 544 2267 689 2299; x_wconf 80' lang='lat' dir='ltr'>Memoire</span> <span class='ocrx_word' id='word_1_383' title='bbox 699 2267 753 2298; x_wconf 69' lang='grc' dir='ltr'>ἃς.</span> <span class='ocrx_word' id='word_1_384' title='bbox 767 2268 838 2304; x_wconf 69' lang='lat' dir='ltr'>Exp.</span> <span class='ocrx_word' id='word_1_385' title='bbox 855 2273 920 2303; x_wconf 86' lang='lat'>19²·</span> <span class='ocrx_word' id='word_1_386' title='bbox 936 2273 1002 2296; x_wconf 82' lang='lat'>201.</span> <span class='ocrx_word' id='word_1_387' title='bbox 1019 2270 1087 2297; x_wconf 67' lang='lat'>204.</span> <span class='ocrx_word' id='word_1_388' title='bbox 1104 2266 1172 2294; x_wconf 84' lang='lat'>206.</span> <span class='ocrx_word' id='word_1_389' title='bbox 1186 2272 1253 2302; x_wconf 82' lang='lat'><strong>²07·</strong></span> <span class='ocrx_word' id='word_1_390' title='bbox 1269 2270 1336 2300; x_wconf 85' lang='lat'>217.</span> <span class='ocrx_word' id='word_1_391' title='bbox 1356 2269 1423 2292; x_wconf 81' lang='lat'>220.</span> <span class='ocrx_word' id='word_1_392' title='bbox 1439 2269 1506 2297; x_wconf 84' lang='lat'>227.</span> <span class='ocrx_word' id='word_1_393' title='bbox 1524 2264 1593 2293; x_wconf 83' lang='lat'>228.</span> <span class='ocrx_word' id='word_1_394' title='bbox 1607 2267 1675 2295; x_wconf 76' lang='lat'>230.</span> 
     </span>
    </p>

    <p class='ocr_par' dir='ltr' id='par_1_10' title="bbox 66 2306 1673 2430">
     <span class='ocr_line' id='line_1_37' title="bbox 104 2306 1673 2388; baseline -0.007 -8"><span class='ocrx_word' id='word_1_395' title='bbox 104 2306 120 2383; x_wconf 53' lang='lat' dir='ltr'>s,</span> <span class='ocrx_word' id='word_1_396' title='bbox 138 2316 157 2376; x_wconf 63' lang='grc' dir='ltr'><em>Ξ</em></span> <span class='ocrx_word' id='word_1_397' title='bbox 175 2308 190 2385; x_wconf 62' lang='lat'>3</span> <span class='ocrx_word' id='word_1_398' title='bbox 212 2307 552 2388; x_wconf 39' lang='lat' dir='ltr'>fflzsfissirgdligoffi</span> <span class='ocrx_word' id='word_1_399' title='bbox 585 2349 606 2380; x_wconf 85' lang='lat' dir='ltr'>l.</span> <span class='ocrx_word' id='word_1_400' title='bbox 630 2359 655 2388; x_wconf 87' lang='lat' dir='ltr'>p.</span> <span class='ocrx_word' id='word_1_401' title='bbox 696 2358 761 2387; x_wconf 78' lang='lat'>3¹3·</span> <span class='ocrx_word' id='word_1_402' title='bbox 786 2346 810 2379; x_wconf 92' lang='lat' dir='ltr'>R</span> <span class='ocrx_word' id='word_1_403' title='bbox 825 2357 843 2377; x_wconf 92' lang='lat' dir='ltr'>o</span> <span class='ocrx_word' id='word_1_404' title='bbox 858 2359 872 2377; x_wconf 76' lang='lat' dir='ltr'>B</span> <span class='ocrx_word' id='word_1_405' title='bbox 886 2358 895 2376; x_wconf 78' lang='grc' dir='ltr'><em>ι</em></span> <span class='ocrx_word' id='word_1_406' title='bbox 910 2357 946 2377; x_wconf 77' lang='grc' dir='ltr'>Νε</span> <span class='ocrx_word' id='word_1_407' title='bbox 958 2357 976 2377; x_wconf 88' lang='lat' dir='ltr'>o</span> <span class='ocrx_word' id='word_1_408' title='bbox 988 2356 1008 2376; x_wconf 69' lang='lat' dir='ltr'>n</span> <span class='ocrx_word' id='word_1_409' title='bbox 1033 2344 1069 2384; x_wconf 82' lang='lat' dir='ltr'>of</span> <span class='ocrx_word' id='word_1_410' title='bbox 1087 2343 1203 2385; x_wconf 72' lang='lat' dir='ltr'>sudden</span> <span class='ocrx_word' id='word_1_411' title='bbox 1225 2345 1323 2376; x_wconf 75' lang='lat' dir='ltr'>deatlvs</span> <span class='ocrx_word' id='word_1_412' title='bbox 1343 2355 1371 2384; x_wconf 90' lang='lat' dir='ltr'>p.</span> <span class='ocrx_word' id='word_1_413' title='bbox 1394 2352 1443 2382; x_wconf 72' lang='lat'>44.</span> <span class='ocrx_word' id='word_1_414' title='bbox 1472 2341 1507 2372; x_wconf 88' lang='lat' dir='ltr'>M</span> <span class='ocrx_word' id='word_1_415' title='bbox 1522 2352 1540 2372; x_wconf 90' lang='lat' dir='ltr'>o</span> <span class='ocrx_word' id='word_1_416' title='bbox 1554 2351 1569 2371; x_wconf 78' lang='lat' dir='ltr'>n</span> <span class='ocrx_word' id='word_1_417' title='bbox 1582 2350 1602 2371; x_wconf 77' lang='lat' dir='ltr'>A</span> <span class='ocrx_word' id='word_1_418' title='bbox 1618 2349 1639 2370; x_wconf 75' lang='lat' dir='ltr'>N</span> <span class='ocrx_word' id='word_1_419' title='bbox 1654 2349 1673 2369; x_wconf 84' lang='lat' dir='ltr'>n</span> 
     </span>
     <span class='ocr_line' id='line_1_38' title="bbox 66 2386 949 2430; baseline -0.001 -10"><span class='ocrx_word' id='word_1_420' title='bbox 66 2386 206 2420; x_wconf 52' lang='lat' dir='ltr'>Memoir.</span> <span class='ocrx_word' id='word_1_421' title='bbox 229 2391 263 2420; x_wconf 83' lang='lat' dir='ltr'>de</span> <span class='ocrx_word' id='word_1_422' title='bbox 288 2390 403 2422; x_wconf 80' lang='lat' dir='ltr'>l&#39;Acad.</span> <span class='ocrx_word' id='word_1_423' title='bbox 427 2391 476 2420; x_wconf 77' lang='lat' dir='ltr'>des</span> <span class='ocrx_word' id='word_1_424' title='bbox 489 2387 594 2429; x_wconf 81' lang='lat' dir='ltr'>scienc.</span> <span class='ocrx_word' id='word_1_425' title='bbox 627 2401 713 2430; x_wconf 75' lang='lat'>¹73²·</span> <span class='ocrx_word' id='word_1_426' title='bbox 745 2400 771 2428; x_wconf 82' lang='lat' dir='ltr'>p.</span> <span class='ocrx_word' id='word_1_427' title='bbox 799 2399 869 2428; x_wconf 84' lang='lat'>430.</span> <span class='ocrx_word' id='word_1_428' title='bbox 895 2389 949 2419; x_wconf 69' lang='grc' dir='ltr'>διο.</span> 
     </span>
    </p>
   </div>
   <div class='ocr_carea' id='block_1_5' title="bbox 1031 2430 1202 2476">
    <p class='ocr_par' dir='ltr' id='par_1_11' title="bbox 1031 2430 1202 2476">
     <span class='ocr_line' id='line_1_39' title="bbox 1031 2430 1202 2476; baseline 0 -7"><span class='ocrx_word' id='word_1_429' title='bbox 1031 2430 1149 2470; x_wconf 90' lang='lat' dir='ltr'>Hhh</span> <span class='ocrx_word' id='word_1_430' title='bbox 1184 2442 1202 2476; x_wconf 84' lang='lat'><em>3</em></span> 
     </span>
    </p>
   </div>
  </div>
 </body>
</html>
