2003 2748
335 129 417 171 248
575 122 696 161 LIB.
729 118 829 159 III.
866 116 1682 163 CIRCUITUSSANGUINIS.

334 221 379 257 tis
408 218 535 256 libellis
557 217 712 255 nascenti
731 216 862 254 lumini
893 215 1027 253 restitit.
1069 214 1166 254 Cum
1190 227 1278 253 vero
1317 217 1393 254 vim
1421 218 1496 254 veri
1522 219 1702 262 omnino,
1751 231 1820 271 qua
1847 231 1920 263 erat

332 278 544 329 perspicacia
559 305 568 319 ‚
611 288 687 313 non
713 274 828 324 posset
854 287 931 312 non
949 274 1077 312 sentire
1097 304 1107 318 ‚
1136 284 1187 312 'ne
1212 282 1333 313 tamen
1350 275 1472 313 alienae
1493 277 1674 316 industriae
1700 278 1862 320 laudator
1880 284 1922 321 fi-

333 348 430 380 eret,
471 348 590 385 neque
618 337 810 384 opiniones
835 334 968 384 aliquas
1000 341 1163 372 veterum
1193 334 1387 378 desereret,
1424 343 1564 384 partem
1588 337 1745 388 aliquam
1774 341 1921 381 circula-

332 398 442 433 tionis
472 395 508 433 H
522 408 542 432 A
557 398 614 432 Rv‘
629 407 648 431 E
666 407 678 431 1
692 407 714 431 A
730 407 753 430 N
769 407 799 430 AE
827 395 988 443 recepit,
1029 394 1094 431 alia
1120 405 1208 431 vero
1229 394 1273 431 de
1298 394 1363 432 sno
1390 395 1599 434 reformavit
1614 426 1624 441 ,
1667 405 1708 435 ut
1737 397 1922 438 R10LA-

330 467 426 492 NEA
453 454 541 502 (h)
568 454 690 492 audire
718 452 839 503 pollet.
877 453 976 501 Ergo
997 453 1209 502 sanguinem
1229 455 1267 490 in
1297 467 1387 492 vena
1412 461 1600 503 portarum
1629 456 1762 506 absque
1793 460 1923 497 circui-

329 522 371 551 tu
402 526 547 552 manere
567 513 722 563 scripsit,
762 525 881 562 neque
909 513 952 550 ad
978 524 1042 550 cor
1069 513 1209 556 redire,
1252 514 1289 550 &
1314 513 1446 551 omiffis
1465 527 1530 565 per
1557 516 1775 565 pulmonem
1799 519 1921 557 amba-

329 574 463 622 gibus,
497 573 708 621 sanguinem
739 585 839 610 venae
861 584 953 609 cavae
977 585 1021 609 ex
1048 572 1178 610 dextro
1206 574 1419 612 ventriculo·
1443 586 1508 622 per
1540 574 1628 624 septi
1656 576 1775 613 cordis
1805 590 1922 627 poros

328 634 368 669 in
398 632 574 670 sinistrum
604 632 730 675 duxit,
770 632 926 680 denique
958 631 1176 669 celeritatem
1200 631 1324 675 illam,
1360 645 1438 683 quae
1466 632 1660 672 Galenicos
1689 636 1855 674 medicos
1882 640 1921 675 in

327 694 548 740 vertiginem
578 692 760 742 rapiebat,
801 703 932 740 magna
961 692 1134 744 portione
1160 690 1338 731 diminuit.
1385 691 1481 731 Tota
1506 705 1561 732 res
1592 707 1677 733 cum
1707 695 1816 734 doeio
1839 696 1924 737 sene

325 751 460 800 sepulta
487 753 545 790 est.
1170 798 1177 812 Ι

394 810 525 860 Cnspar
551 810 875 848 HOFMANNUS
902 823 1030 849 verum
1058 810 1271 855 contemsit,
1316 811 1488 861 idemque
1513 814 1587 860 jam
1612 813 1721 852 senex
1751 817 1889 864 exiguo
1905 845 1919 859 ,

326 883 447 920 neque
474 871 655 920 protunda
693 870 841 909 vulnera
862 870 1037 908 inferente
1052 899 1061 914 ,
1090 871 1229 920 ‚scripto
1253 871 1420 910 refutavit
1450 872 1551 920 (i).

390 930 584 966 For-nntius
598 929 628 967 L
644 943 655 967 1
672 942 692 966 c
707 941 725 966 E
739 942 762 966 T
778 942 800 966 u
815 943 840 972 s,
861 943 938 968 non
958 930 1105 979 quidem
1121 930 1180 967 ille
1197 943 1262 979 per
1278 931 1391 969 caedes
1409 932 1645 975 anatomicus,
1666 939 1707 970 ut
1723 934 1760 969 in
1777 940 1920 982 partem

326 989 454 1039 gloriae
474 988 544 1029 HA
558 1002 580 1026 R
594 1003 615 1026 v
630 1001 675 1026 EI
693 1001 710 1025 A
725 1001 750 1025 N
763 1002 793 1026 Ε
819 989 908 1027 serio
926 991 1086 1032 veniret,
1124 989 1159 1027 δε
1190 989 1262 1038 ipse
1281 992 1472 1039 proprium
1500 992 1691 1029 circuitum
1715 992 1893 1042 descripsit
1904 1021 1919 1037 „

325 1058 367 1086 ut
391 1048 531 1097 sanguis
561 1049 707 1098 quidem
739 1050 935 1091 nutritius,
971 1060 1075 1087 more
1101 1055 1286 1093 veterum,
1322 1061 1522 1098 peruvessas
1552 1049 1597 1087 ad
1628 1060 1810 1089 extremos
1830 1052 1921 1090 fines

325 1107 503 1152 ferretur,
546 1109 597 1149 ibi
624 1109 746 1157 portio
774 1107 962 1145 necessaria
991 1109 1029 1144 in
1050 1107 1264 1146 alimentum
1302 1115 1500 1148 verteretur
1518 1138 1529 1152 ,
1564 1109 1746 1160 reliquum
1775 1111 1819 1148 ad
1853 1122 1920 1150 cor

325 1168 487 1206 rediret:
521 1167 693 1218 idemque
714 1169 932 1218 omninomin
961 1167 1085 1221 spiritu
1111 1167 1209 1207 vitali
1243 1180 1308 1219 per
1337 1169 1478 1209 arterias
1508 1170 1577 1208 iter
1595 1197 1606 1213 ‚
1649 1168 1836 1220 fluxusque
1862 1170 1922 1210 lo-

325 1237 412 1265 cum
437 1227 584 1270 haberet
606 1228 642 1264 &
670 1225 826 1264 refluxus
855 1222 911 1274 <k
931 1227 962 1275 ),

385 1285 547 1325 Ultimus
577 1286 735 1324 hostium
762 1287 851 1323 novi
877 1288 1047 1325 circuitus
1073 1285 1206 1325 Patavii
1238 1287 1410 1337 superfuit
1440 1286 1491 1336 (l
1505 1285 1525 1336 )
1542 1315 1552 1330 ,
1588 1285 1814 1326 Homohonus
1840 1289 1867 1330 P
1884 1303 1921 1327 μ

326 1357 412 1391 son
429 1358 442 1382 1
458 1373 468 1393 2
501 1358 579 1387 non
605 1346 794 1389 incelebris
814 1346 985 1389 clinicus,
1022 1359 1140 1396 neque
1162 1348 1236 1384 veri
1260 1348 1390 1396 absque
1408 1347 1559 1396 ingenio
1580 1348 1816 1392 adversarius,
1855 1362 1920 1388 au-

323 1405 395 1443 dax
424 1417 509 1443 cum
539 1405 582 1442 M
599 1419 621 1443 0
636 1418 695 1443 Ro
710 1418 732 1442 A
745 1418 769 1442 G
782 1417 807 1442 N
822 1417 835 1441 1
850 1418 873 1448 o
909 1406 980 1455 (m
999 1406 1019 1454 )
1047 1406 1092 1445 ad
1113 1413 1295 1444 certamen
1321 1408 1657 1457 experimentorum
1677 1408 1910 1448 contendere.

322 1462 422 1512 Ergo
446 1472 658 1513 argumenta
683 1465 741 1503 sua
766 1466 927 1514 repetiit,
963 1478 982 1502 a
1005 1466 1182 1514 paucitate
1197 1465 1399 1514 sanguinis,
1433 1467 1550 1515 quiin
1573 1467 1760 1505 nonnullis
1783 1480 1922 1517 corpo-⁷

266 1530 268 1532 ’
322 1524 422 1561 ribus
438 1524 604 1562 humanis
631 1526 790 1567 omnino
810 1524 1135 1574 nonresponderit
1153 1524 1299 1566 summae
1319 1525 1489 1567 celeritati
1507 1553 1518 1568 ,
1544 1537 1653 1574 quam
1679 1525 1716 1563 H
1729 1539 1748 1562 A
1763 1540 1783 1565 R
1798 1540 1820 1564 v
1835 1539 1854 1563 E
1869 1540 1882 1564 1
1900 1540 1914 1565 1

322 1582 500 1621 sententia
545 1585 556 1624 (
573 1585 628 1630 n)
655 1584 778 1633 poscit.
834 1583 981 1622 Deinde
1009 1584 1146 1622 nullam
1178 1585 1388 1622 nutritionis
1422 1583 1702 1634 explicationem
1742 1585 1920 1635 supereffe-

325 1642 465 1689 objecit:
480 1672 490 1686 ‚
532 1642 557 1679 fi
580 1644 709 1693 absque
722 1643 846 1680 medio
869 1643 1080 1692 sanguinem
1101 1655 1146 1681 ex
1164 1645 1299 1680 arteriis
1322 1645 1360 1681 in
1373 1656 1481 1681 venas
1497 1643 1634 1681 traduci
1644 1652 1800 1693 ponatur
1821 1647 1837 1692 ζ
1851 1645 1911 1694 ο).

324 1700 548 1749 Sanguinem
573 1715 621 1740 ex
647 1703 774 1741 eadem
798 1715 888 1741 vena
913 1705 950 1740 in
981 1703 1115 1740 diversa
1143 1703 1220 1740 vasa
1239 1710 1426 1752 receptum
1441 1733 1450 1747 ,
1485 1703 1624 1741 diverso
1645 1704 1769 1741 colore
1785 1703 1885 1742 fuisse
1898 1733 1913 1747 ,.

322 1772 444 1809 neque
464 1761 554 1798 adeo
577 1763 620 1798 ab
642 1753 712 1798 una
744 1774 833 1799 vena
863 1763 900 1801 in
926 1774 1056 1800 omnes
1077 1763 1288 1810 sanguinem
1314 1764 1527 1805 circumire,
1560 1775 1682 1812 neque
1701 1763 1915 1811 sauguinem

324 1832 371 1856 ex
395 1821 499 1860 unica
520 1832 611 1858 vena
629 1819 759 1857 venisse
788 1823 803 1867 (
816 1828 842 1867 p
861 1820 878 1866 )
910 1821 1055 1858 addidit.
1105 1821 1253 1858 Diversa
1274 1834 1412 1858 venena
1433 1822 1552 1858 modo
1577 1821 1726 1858 celerius
1744 1821 1917 1859 occidere-

323 1878 495 1928 suamque
514 1878 709 1919 efficaciam
727 1879 884 1917 exserere
900 1881 1067 1922 monuit,
1103 1880 1217 1917 modo
1230 1879 1384 1922 tardius,
1405 1892 1488 1919 cum
1505 1892 1605 1929 aeque
1620 1879 1786 1918 velocem
1805 1881 1917 1918 essee..

322 1944 402 1979 tum
415 1938 613 1988 exspec‘iare
626 1938 675 1976 fas
688 1931 737 1976 ‘sit
750 1967 759 1980 ‚
788 1938 812 1974 fi
825 1951 924 1987 aeque
941 1940 1114 1977 velociter
1128 1951 1256 1976 onmes
1268 1940 1305 1976 in
1317 1936 1539 1989 eodemjvase
1562 1939 1735 1976 humores
1756 1941 1915 1978 circum-⁴

323 1997 500 2039 ferrentur
528 1999 578 2045 (q
593 1999 619 2044 ).
655 1996 698 2036 Et
720 2009 897 2046 magnum
922 1999 960 2039 in
986 1998 1149 2052 deliquio
1167 1999 1278 2037 animi
1303 1997 1446 2052 pulsum
1472 1996 1644 2051 supereffe
1670 1998 1725 2045 [r
1742 2000 1767 2046 ].
1804 1998 1915 2036 Vari«

1821 2070 1913 2099 cum-2

364 2156 379 2192 (
396 2157 440 2193 h)
467 2157 549 2187 Nova
570 2153 699 2186 dodi-inc}
712 2158 746 2187 de
765 2164 845 2187 motu
869 2158 1048 2188 &retentoria
1060 2160 1094 2189 in
1141 2160 1225 2189 cuitu
1233 2155 1384 2198 fiznguz'nis
1410 2155 1519 2188 Patavii
1543 2158 1629 2195 ¹726.
1653 2165 1682 2191 4.
1713 2154 1827 2187 excusas

325 2200 406 2229 eorde
433 2197 512 2227 Paris
540 2199 627 2235 1649.
651 2197 698 2226 fol.
727 2199 819 2229 Lond.
853 2204 936 2237 ¹⁶59-
961 2210 988 2235 4.
1183 2202 1265 2237 (m)
1291 2197 1432 2238 Disquffit.
1452 2209 1480 2237 p.
1501 2208 1570 2237 417.
1592 2197 1666 2239 seqq.

365 2239 404 2273 (ι’
425 2239 438 2275 )
462 2238 591 2275 Digrqffio
617 2239 650 2267 de
671 2240 854 2269 circulatione
867 2238 1018 2279 fiinguinis
1040 2240 1089 2272 Pa.
1181 2242 1195 2277 (
1213 2242 1261 2279 n)
1284 2239 1353 2270 ibid.
1380 2251 1403 2270 c.
1425 2249 1452 2270 1.

323 2279 364 2309 ris
394 2283 479 2314 1652.
509 2287 552 2308 12.
1181 2282 1227 2317 (ο
1249 2282 1262 2319 )
1287 2281 1360 2311 lbid.
1384 2290 1408 2312 c.
1433 2288 1464 2313 2.

363 2319 438 2356 (k)
463 2318 593 2358 InEpfi.
620 2319 1089 2358 37.Centur1.adB2-xk·rno-
1183 2322 1308 2369 (P)f³·
1333 2332 1362 2359 4.

322 2370 493 2437 2¹(Nl11)›1¹.n
532 2400 641 2430 Ultione
661 2402 864 2439 antiquitatis,
890 2412 952 2439 quae
976 2401 1085 2434 Gremae
1180 2365 1230 2444 {tq
1243 2364 1259 2443 Ξ
1277 2363 1348 2445 &bo-dg
1373 2404 1468 2446 capite
1489 2407 1517 2439 ἃ
1535 2405 1567 2438 in
1594 2402 1649 2437 Ult.
1672 2403 1773 2444 Annei

316 2451 385 2477 ann.
410 2445 496 2479 1690.
513 2446 540 2480 8.
559 2441 666 2483 prodiit
680 2463 689 2481 ,
714 2443 741 2475 δι
756 2442 785 2473 in
801 2440 969 2484 dffquitcene
984 2445 1017 2477 cie
1030 2446 1086 2476 cir-
