2003 2748
287 157 370 193 442
856 138 1118 182 'LIBIV
1173 141 1346 184 COR.

279 243 344 280 bio
365 241 576 279 tenuiorum
607 237 872 278 molecularuni
903 238 1126 288 expressione
1161 240 1198 276 δε
1224 239 1451 276 exhalatione
1481 238 1622 287 migrat.
1659 231 1884 288 Oporiuiffee'

278 310 399 340 autem
415 329 424 343 ,
461 301 498 336 iii
516 297 707 348 hypothesi
725 327 734 342 ‚
770 299 960 336 hominem
982 301 1116 348 perire,
1152 311 1261 348 quam
1293 300 1452 348 primum
1469 301 1594 336 arteria
1618 307 1782 336 naturam
1806 313 1881 338 non

279 360 431 402 osseam,
466 358 525 395 sed
547 357 733 401 callosam,
770 359 807 395 ἃ
826 358 870 395 ad
903 359 1191 396 coiitra&ionem
1222 360 1383 407 ineptam
1411 358 1539 396 induit.
1577 357 1690 396 Nunc
1718 358 1885 408 deposito

278 422 316 458 in
360 419 457 455 senio
487 446 496 461 ,
549 418 585 455 δι
624 417 820 456 centesimo
845 418 1029 467 aliquanto
1061 431 1158 455 anno
1172 447 1180 460 ‚
1232 418 1381 457 demum
1421 418 1567 455 funestae
1614 418 1681 455 illae
1722 429 1887 466 gangrae-

278 491 333 516 nae
350 478 606 527 superveniunt
624 479 673 524 (ο
691 485 714 527 ).
741 476 878 515 Contra
899 491 938 515 ea
956 480 1062 515 etiam
1075 507 1084 520 ‚
1114 490 1192 526 quae
1207 489 1251 514 ex
1265 478 1468 515 adversariis
1489 479 1720 527 repetiimus,
1754 479 1885 527 ingens

278 538 375 576 testis
396 538 506 574 exstat
519 536 590 574 HA
604 550 624 574 a
638 551 659 574 v
674 549 693 574 Ε
709 550 720 573 1
737 549 758 574 υ
773 550 787 574 s
819 540 872 584 (p
885 538 924 585 )‚
962 539 1024 586 qui
1044 539 1185 574 arterias
1209 537 1272 575 sub
1288 537 1367 574 sede
1392 536 1485 574 ossea
1506 536 1653 586 pulsasse
1675 538 1775 575 vidit.

337 596 510 646 Denique
527 599 738 634 arteriarum
760 599 812 635 vis
826 597 1043 634 contraffilis
1057 599 1214 634 omnino
1231 609 1295 634 cor
1311 609 1387 634 non
1404 597 1566 644 adjuvat:
1591 598 1627 633 δε
1642 597 1794 636 restituit
1805 598 1885 645 uni-1

276 669 320 697 ce
339 669 395 694 eas
417 659 509 696 vires
531 657 672 700 cordis,
705 668 785 706 quse
805 657 914 706 paulo
937 659 1036 706 prius
1056 659 1094 693 in
1115 657 1303 694 dilatandi-s
1325 658 1460 694 arteriis
1481 656 1649 706 impensae
1670 656 1760 695 sunt.

474 771 507 813 ς.
542 765 586 805 Χ
600 765 641 805 Χ
661 765 703 805 X
717 765 786 818 V>I
800 765 817 805 I
831 765 856 804 I.
923 765 1100 814 Rejicitur
1129 766 1302 804 adtrafflio
1322 764 1492 815 vasorum
1511 764 1698 803 minorum.

338 878 508 927 Aliquam
535 876 736 915 humorum
758 876 803 914 ad
841 875 1010 914 vasorum
1035 877 1187 926 parietes
1217 876 1476 914 adtrad‘tionem
1504 889 1581 914 non
1610 878 1755 926 penitus
1778 878 1888 926 repuJ

276 933 476 981 Tdiaverim,
511 936 685 986 cumipse
705 936 878 978 viderim,
914 935 1088 984 globulos
1117 936 1355 984 sanguineos,
1391 938 1483 973 inter
1511 937 1660 973 laminas
1683 936 1886 975 mesenterii

279 997 433 1040 effusos,
468 996 545 1034 satis
563 994 725 1034 celeriter
746 996 790 1033 ad
809 997 1004 1033 exteriores
1031 997 1183 1045 parietes
1209 995 1373 1034 vasorum
1406 998 1589 1043 majorum
1615 995 1753 1034 adtrahi
1774 999 1790 1044 (
1803 1008 1826 1043 q
1841 996 1880 1042 >:

281 1059 319 1095 &
341 1057 385 1095 ad
407 1057 633 1095 membranas
662 1057 768 1092 etiam
796 1056 961 1104 corporis
992 1056 1154 1093 animalis
1189 1055 1391 1098 adhaerere,
1429 1064 1468 1092 ut
1486 1056 1577 1093 nihil
1594 1056 1794 1105 quidquam
1820 1065 1886 1105 pet

278 1117 444 1154 foramen
468 1116 671 1155 niesenterii
690 1114 834 1154 effluere
860 1125 988 1167 queat,
1024 1116 1172 1167 quando
1190 1128 1260 1155 una
1277 1128 1361 1154 Cum
1388 1118 1513 1154 arteria
1536 1115 1791 1154 mesenterium
1817 1113 1886 1161 dist,

277 1176 414 1215 secatur
441 1178 457 1223 (
474 1175 538 1222 r).

339 1235 482 1274 Verum
505 1237 599 1273 inter
619 1235 735 1274 causas
753 1243 876 1275 motus
899 1236 1081 1285 sanguinis
1099 1235 1254 1284 legitimi
1271 1249 1349 1274 eam
1375 1236 1633 1273 adtraffionem
1657 1237 1783 1285 utique
1807 1247 1886 1274 non

278 1297 429 1345 recipio.
474 1294 644 1338 Omitto,
681 1296 783 1345 quod
814 1296 949 1333 vascula
970 1294 1146 1344 capillaria
1176 1295 1280 1344 plena
1297 1309 1374 1333 non
1407 1295 1547 1332 trahant
1565 1295 1667 1342 (s);
1701 1296 1737 1332 ὃς
1767 1294 1884 1331 osten-

281 1355 385 1399 dam,
423 1355 601 1403 ejusmodi
622 1357 697 1394 vim
716 1357 752 1392 in
767 1357 927 1394 minimis
952 1355 1126 1392 arteriolis
1150 1355 1303 1404 positam
1321 1383 1331 1398 ,
1367 1356 1535 1393 circuitui
1554 1354 1735 1403 sanguinis
1762 1354 1887 1404 potius
1928 1395 1933 1400 ,

279 1415 468 1458 obstaculo
489 1415 668 1457 futuram,
705 1427 814 1464 quam
835 1415 985 1465 quidem
1005 1415 1228 1462 adjumento.

340 1474 503 1512 Trahent
529 1477 654 1524 utique
667 1487 705 1512 ea
727 1474 865 1512 vascula
888 1475 932 1513 de
945 1476 1080 1512 truncis
1109 1474 1285 1512 arteriofis
1307 1474 1528 1523 sanguinem.
1565 1474 1661 1514 Cum
1691 1475 1787 1512 enini
1803 1474 1886 1524 plus

279 1535 434 1573 habeant
461 1536 623 1572 materiei
653 1534 749 1582 (t),
787 1546 896 1584 quam
926 1547 1057 1583 magna
1088 1534 1183 1578 vasa,
1228 1534 1446 1584 superabunt
1473 1537 1600 1585 utique
1641 1535 1776 1572 horum
1809 1536 1886 1572 vim

279 1594 549 1638 adtrahentem,
583 1594 721 1644 sibique
753 1594 966 1643 sanguinom
994 1594 1240 1632 vindicabunt.
1278 1592 1420 1632 Verum
1449 1597 1582 1634 arteriae
1613 1596 1650 1632 in
1678 1593 1886 1632 universum

279 1652 387 1703 (u),
423 1667 530 1704 quam
553 1666 675 1698 venae,
711 1653 892 1691 crassiores
906 1654 1006 1697 sunt,
1044 1655 1079 1691 ἃ
1100 1654 1181 1704 plus
1199 1655 1333 1692 habent
1357 1654 1480 1692 solidae
1507 1655 1678 1692 materiei.
1715 1652 1812 1702 Ergo
1831 1665 1888 1690 ar-

279 1714 416 1751 teriolae
437 1716 597 1752 minimae
620 1714 665 1751 de
687 1714 827 1751 venulis
841 1714 1066 1763 capillaribus
1088 1714 1299 1763 sanguinein
1328 1716 1456 1762 majori
1480 1717 1515 1752 vi
1538 1714 1740 1757 retrahent,
1776 1725 1886 1763 quam

281 1772 432 1822 quidem
455 1785 503 1809 eae
529 1772 669 1810 venulae
692 1772 756 1810 fibi
774 1773 929 1811 sumunt.
967 1773 1036 1811 Sed
1063 1775 1169 1810 etiam
1197 1775 1336 1812 venulae
1365 1776 1525 1812 ininiinae
1547 1774 1698 1823 perinde
1719 1773 1797 1821 plus
1824 1773 1884 1809 ha-

279 1833 369 1869 bent
397 1832 557 1868 materiei
587 1831 731 1873 solidae,
768 1844 876 1879 quam
906 1834 1063 1878 majores
1097 1845 1223 1877 venae,
1257 1845 1368 1881 quare
1399 1834 1436 1869 δε
1469 1833 1549 1880 ipsae
1577 1833 1622 1869 de
1651 1833 1786 1869 truncis
1823 1843 1884 1868 ve-

280 1890 377 1929 nofis
389 1889 598 1939 sanguinem
616 1890 660 1927 ad
676 1890 709 1926 se
720 1890 912 1932 retrahent,
933 1891 1126 1937 majorivi,
1147 1903 1253 1939 quam
1268 1903 1306 1926 ea
1324 1890 1393 1933 est,
1413 1903 1482 1939 qua
1493 1890 1529 1927 hi
1541 1892 1660 1928 trunci
1674 1890 1887 1938 sanguinem

280 1951 325 1989 ad
355 1951 388 1987 se
419 1952 572 1999 rapiunt.
608 1948 705 1998 Ergo
737 1952 789 1986 vis
820 1949 1007 1986 adtraffitilis
1039 1949 1204 1987 vasorum
1236 1951 1475 1986 minimorum
1506 1949 1717 1998 sanguinem
1751 1951 1787 1986 in
1819 1949 1887 1986 mi-

279 2012 389 2050 nimis
401 2010 575 2047 arteriolis
589 2010 624 2046 &
637 2009 777 2047 venulis
795 2010 1046 2058 congregabit,
1070 2009 1106 2045 ἃ.
1123 2007 1254 2045 resistet
1270 2007 1464 2057 inpulsioni
1477 2009 1646 2057 legitimae
1663 2038 1671 2052 ,
1696 2021 1764 2058 qua
1778 2020 1821 2045 ex
1842 2010 1885 2047 iis

280 2069 429 2119 §vasculis
445 2072 480 2106 in
494 2078 643 2106 truncos
656 2069 808 2107 venosos
821 2069 1048 2119 propellitur,
1071 2069 1209 2117 eritque
1228 2069 1393 2106 circuitui
1407 2068 1588 2117 sanguinis
1599 2081 1667 2118 pro
1684 2068 1881 2106 obstaculo.

342 2129 467 2175 Quare
498 2131 537 2166 in
566 2129 696 2178 plantis
728 2129 879 2180 quidem
914 2130 966 2166 vis
998 2127 1164 2166 ¹vasorum
1195 2127 1383 2166 adtraCtilis
1408 2128 1534 2168 locum
1568 2128 1699 2167 habere
1727 2130 1882 2179 poterit,

1807 2199 1885 2225 non

324 2245 338 2281 (
360 2255 374 2275 0
392 2246 405 2279 ὃ
430 2245 514 2275 Conf.
540 2244 562 2274 C
575 2255 591 2274 0
604 2255 631 2274 w
646 2255 661 2274 P
674 2255 688 2275 ε
702 2255 720 2275 R
753 2246 822 2277 Phil.
852 2242 959 2284 Trans
980 2256 1009 2274 n.
1035 2253 1102 2284 299.

322 2286 373 2322 (p
395 2287 407 2322 )
432 2298 457 2322 p.
484 2292 551 2318 εις.
578 2297 644 2320 219.

322 2329 337 2363 (
357 2337 375 2366 q
396 2328 408 2361 )
432 2328 536 2356 Second
567 2329 704 2357 Mernoir.
728 2337 754 2365 p.
783 2338 847 2363 340.

323 2368 407 2405 (r)
431 2369 496 2403 Erp.
527 2378 582 2395 200
619 2377 684 2396 211.
713 2377 862 2406 212.213
901 2378 967 2404 2¹4.

321 2411 338 2447 (
358 2419 371 2438 s
392 2409 404 2445 )
426 2410 463 2444 ιῙο
472 2406 515 2436 3115
547 2408 619 2451 We
633 2419 640 2435 1
654 2418 674 2436 T
688 2418 758 2437 sne
773 2420 789 2438 c
804 2419 824 2438 H
838 2418 857 2437 τ
888 2413 1043 2439 Continent.
1072 2410 1160 2441 Acad.
1175 2407 1279 2447 stient.
1304 2410 1436 2450 l’etropol.
1463 2410 1500 2444 T.
1524 2409 1587 2443 VII.
1611 2419 1642 2448 p.
1670 2418 1738 2449 330.

316 2454 337 2487 ,ς
360 2456 372 2478 t
394 2450 411 2530 ))
430 2448 534 2478 caston
564 2448 606 2476 W
619 2459 628 2477 1
645 2459 661 2475 Ν
678 2459 696 2478 τ
709 2459 727 2478 R
741 2461 751 2480 ι
765 2459 786 2480 N
798 2459 815 2480 G
831 2459 852 2481 Η
866 2460 885 2481 Λ
898 2461 921 2483 Μ
952 2452 1070 2490 inquiry
1098 2461 1126 2491 p.
1156 2454 1226 2484 206.

324 2493 335 2521 ζ
352 2501 377 2524 Διι

434 2490 465 2521 L.
490 2490 528 2522 ll.
551 2498 581 2528 p.
607 2492 672 2525 126.
