<?xml version="1.0" encoding="UTF-8"?>
<!DOCTYPE html PUBLIC "-//W3C//DTD XHTML 1.0 Transitional//EN"
    "http://www.w3.org/TR/xhtml1/DTD/xhtml1-transitional.dtd">
<html xmlns="http://www.w3.org/1999/xhtml" xml:lang="en" lang="en">
 <head>
  <title>
</title>
<meta http-equiv="Content-Type" content="text/html;charset=utf-8" />
  <meta name='ocr-system' content='tesseract 3.04.00' />
  <meta name='ocr-capabilities' content='ocr_page ocr_carea ocr_par ocr_line ocrx_word'/>
</head>
<body>
  <div class='ocr_page' id='page_1' title='image "./elementaphysiolo01hall_0251.png"; bbox 0 0 2003 2748; ppageno 0'>
   <div class='ocr_carea' id='block_1_1' title="bbox 329 167 1691 222">
    <p class='ocr_par' dir='ltr' id='par_1_1' title="bbox 329 167 1691 222">
     <span class='ocr_line' id='line_1_1' title="bbox 329 167 1691 222; baseline 0.004 -13"><span class='ocrx_word' id='word_1_1' title='bbox 329 168 514 209; x_wconf 90' lang='lat' dir='ltr'><em>SECT.</em></span> <span class='ocrx_word' id='word_1_2' title='bbox 557 167 1470 221; x_wconf 57' lang='lat' dir='ltr'>III.EX4RTER1181NVENAS</span> <span class='ocrx_word' id='word_1_3' title='bbox 1610 182 1691 222; x_wconf 69' lang='lat'>225</span> 
     </span>
    </p>
   </div>
   <div class='ocr_carea' id='block_1_2' title="bbox 101 263 1697 1083">
    <p class='ocr_par' dir='ltr' id='par_1_2' title="bbox 103 263 1694 493">
     <span class='ocr_line' id='line_1_2' title="bbox 104 263 1690 317; baseline 0.001 -13"><span class='ocrx_word' id='word_1_4' title='bbox 104 266 224 304; x_wconf 86' lang='lat' dir='ltr'>omnis</span> <span class='ocrx_word' id='word_1_5' title='bbox 252 265 459 304; x_wconf 79' lang='lat' dir='ltr'>exhauritur</span> <span class='ocrx_word' id='word_1_6' title='bbox 488 263 504 316; x_wconf 91' lang='lat'>(</span> <span class='ocrx_word' id='word_1_7' title='bbox 521 267 591 314; x_wconf 82' lang='lat' dir='ltr'>p).</span> <span class='ocrx_word' id='word_1_8' title='bbox 658 264 710 305; x_wconf 86' lang='lat' dir='ltr'>Ex</span> <span class='ocrx_word' id='word_1_9' title='bbox 727 265 881 314; x_wconf 78' lang='lat' dir='ltr'>jugulari</span> <span class='ocrx_word' id='word_1_10' title='bbox 906 278 996 303; x_wconf 83' lang='lat' dir='ltr'>vena</span> <span class='ocrx_word' id='word_1_11' title='bbox 1022 265 1128 303; x_wconf 77' lang='lat' dir='ltr'>incisa</span> <span class='ocrx_word' id='word_1_12' title='bbox 1152 265 1331 315; x_wconf 76' lang='lat' dir='ltr'>sanguinis</span> <span class='ocrx_word' id='word_1_13' title='bbox 1355 267 1452 305; x_wconf 82' lang='lat' dir='ltr'>librae</span> <span class='ocrx_word' id='word_1_14' title='bbox 1477 269 1606 317; x_wconf 85' lang='lat' dir='ltr'>viginti</span> <span class='ocrx_word' id='word_1_15' title='bbox 1622 271 1690 317; x_wconf 77' lang='lat' dir='ltr'>(q),</span> 
     </span>
     <span class='ocr_line' id='line_1_3' title="bbox 105 325 1694 375; baseline 0.003 -13"><span class='ocrx_word' id='word_1_16' title='bbox 105 326 142 362; x_wconf 92' lang='lat'>&amp;</span> <span class='ocrx_word' id='word_1_17' title='bbox 168 338 213 362; x_wconf 86' lang='lat' dir='ltr'>ex</span> <span class='ocrx_word' id='word_1_18' title='bbox 239 338 278 362; x_wconf 79' lang='lat' dir='ltr'>ea</span> <span class='ocrx_word' id='word_1_19' title='bbox 302 325 428 374; x_wconf 85' lang='lat' dir='ltr'>sponte</span> <span class='ocrx_word' id='word_1_20' title='bbox 451 335 554 375; x_wconf 78' lang='lat' dir='ltr'>rupta</span> <span class='ocrx_word' id='word_1_21' title='bbox 583 338 681 362; x_wconf 85' lang='lat' dir='ltr'>mors</span> <span class='ocrx_word' id='word_1_22' title='bbox 707 325 823 362; x_wconf 74' lang='lat' dir='ltr'>secuta</span> <span class='ocrx_word' id='word_1_23' title='bbox 847 325 867 372; x_wconf 89' lang='lat'>(</span> <span class='ocrx_word' id='word_1_24' title='bbox 887 326 948 370; x_wconf 79' lang='lat' dir='ltr'>r).</span> <span class='ocrx_word' id='word_1_25' title='bbox 1012 325 1094 363; x_wconf 79' lang='lat' dir='ltr'>imo</span> <span class='ocrx_word' id='word_1_26' title='bbox 1118 338 1219 374; x_wconf 87' lang='lat' dir='ltr'>aeque</span> <span class='ocrx_word' id='word_1_27' title='bbox 1244 327 1405 363; x_wconf 75' lang='lat' dir='ltr'>celeriter</span> <span class='ocrx_word' id='word_1_28' title='bbox 1436 328 1508 365; x_wconf 88' lang='lat' dir='ltr'>fere</span> <span class='ocrx_word' id='word_1_29' title='bbox 1530 329 1694 366; x_wconf 76' lang='lat' dir='ltr'>animalia</span> 
     </span>
     <span class='ocr_line' id='line_1_4' title="bbox 105 384 1693 437; baseline 0.003 -16"><span class='ocrx_word' id='word_1_30' title='bbox 105 396 150 421; x_wconf 83' lang='lat' dir='ltr'>ex</span> <span class='ocrx_word' id='word_1_31' title='bbox 186 386 285 422; x_wconf 89' lang='lat' dir='ltr'>venis</span> <span class='ocrx_word' id='word_1_32' title='bbox 321 384 457 428; x_wconf 86' lang='lat' dir='ltr'>incifis,</span> <span class='ocrx_word' id='word_1_33' title='bbox 491 396 598 434; x_wconf 80' lang='lat' dir='ltr'>quam</span> <span class='ocrx_word' id='word_1_34' title='bbox 631 396 675 421; x_wconf 85' lang='lat' dir='ltr'>ex</span> <span class='ocrx_word' id='word_1_35' title='bbox 705 385 837 421; x_wconf 78' lang='lat' dir='ltr'>arteriis</span> <span class='ocrx_word' id='word_1_36' title='bbox 857 386 1019 437; x_wconf 61' lang='lat' dir='ltr'>apertis,</span> <span class='ocrx_word' id='word_1_37' title='bbox 1052 385 1243 433; x_wconf 77' lang='lat' dir='ltr'>exsanguia</span> <span class='ocrx_word' id='word_1_38' title='bbox 1278 386 1354 423; x_wconf 84' lang='lat' dir='ltr'>fieri</span> <span class='ocrx_word' id='word_1_39' title='bbox 1384 387 1506 424; x_wconf 61' lang='lat' dir='ltr'>auctor</span> <span class='ocrx_word' id='word_1_40' title='bbox 1532 388 1580 424; x_wconf 85' lang='lat' dir='ltr'>est</span> <span class='ocrx_word' id='word_1_41' title='bbox 1605 387 1693 425; x_wconf 77' lang='lat' dir='ltr'>Lo-</span> 
     </span>
     <span class='ocr_line' id='line_1_5' title="bbox 103 444 409 493; baseline 0.003 -13"><span class='ocrx_word' id='word_1_42' title='bbox 103 455 140 480; x_wconf 88' lang='lat' dir='ltr'>w</span> <span class='ocrx_word' id='word_1_43' title='bbox 157 455 175 480; x_wconf 79' lang='lat' dir='ltr'>E</span> <span class='ocrx_word' id='word_1_44' title='bbox 197 457 218 481; x_wconf 82' lang='lat' dir='ltr'>R</span> <span class='ocrx_word' id='word_1_45' title='bbox 238 456 260 480; x_wconf 82' lang='grc' dir='ltr'><strong>υ</strong></span> <span class='ocrx_word' id='word_1_46' title='bbox 278 457 293 481; x_wconf 88' lang='lat' dir='ltr'><strong>s</strong></span> <span class='ocrx_word' id='word_1_47' title='bbox 325 444 364 484; x_wconf 88' lang='lat' dir='ltr'>(s</span> <span class='ocrx_word' id='word_1_48' title='bbox 378 445 409 493; x_wconf 83' lang='lat'>).</span> 
     </span>
    </p>

    <p class='ocr_par' dir='ltr' id='par_1_3' title="bbox 101 501 1697 1083">
     <span class='ocr_line' id='line_1_6' title="bbox 165 501 1693 553; baseline 0.003 -13"><span class='ocrx_word' id='word_1_49' title='bbox 165 502 252 540; x_wconf 85' lang='lat' dir='ltr'>Haec</span> <span class='ocrx_word' id='word_1_50' title='bbox 275 503 470 552; x_wconf 78' lang='lat' dir='ltr'>posteriora</span> <span class='ocrx_word' id='word_1_51' title='bbox 494 504 739 551; x_wconf 79' lang='lat' dir='ltr'>experimenta</span> <span class='ocrx_word' id='word_1_52' title='bbox 771 501 966 539; x_wconf 84' lang='lat' dir='ltr'>ostendunt</span> <span class='ocrx_word' id='word_1_53' title='bbox 982 531 991 545; x_wconf 82' lang='lat'>‚</span> <span class='ocrx_word' id='word_1_54' title='bbox 1017 502 1115 552; x_wconf 74' lang='lat' dir='ltr'>posse</span> <span class='ocrx_word' id='word_1_55' title='bbox 1140 516 1224 541; x_wconf 87' lang='lat' dir='ltr'>eum</span> <span class='ocrx_word' id='word_1_56' title='bbox 1251 503 1461 552; x_wconf 69' lang='lat' dir='ltr'>sanguinem</span> <span class='ocrx_word' id='word_1_57' title='bbox 1488 518 1552 553; x_wconf 82' lang='lat' dir='ltr'>per</span> <span class='ocrx_word' id='word_1_58' title='bbox 1584 519 1693 544; x_wconf 81' lang='lat' dir='ltr'>venas</span> 
     </span>
     <span class='ocr_line' id='line_1_7' title="bbox 106 561 1693 612; baseline 0.003 -13"><span class='ocrx_word' id='word_1_59' title='bbox 106 561 274 604; x_wconf 89' lang='lat' dir='ltr'>effluere,</span> <span class='ocrx_word' id='word_1_60' title='bbox 311 563 374 610; x_wconf 91' lang='lat' dir='ltr'>qui</span> <span class='ocrx_word' id='word_1_61' title='bbox 400 563 438 598; x_wconf 91' lang='lat' dir='ltr'>in</span> <span class='ocrx_word' id='word_1_62' title='bbox 472 563 605 598; x_wconf 83' lang='lat' dir='ltr'>arteriis</span> <span class='ocrx_word' id='word_1_63' title='bbox 634 561 725 603; x_wconf 84' lang='lat' dir='ltr'>fuit,</span> <span class='ocrx_word' id='word_1_64' title='bbox 757 572 863 610; x_wconf 81' lang='lat' dir='ltr'>atque</span> <span class='ocrx_word' id='word_1_65' title='bbox 889 562 979 599; x_wconf 80' lang='lat' dir='ltr'>adeo</span> <span class='ocrx_word' id='word_1_66' title='bbox 1014 574 1059 599; x_wconf 83' lang='lat' dir='ltr'>ex</span> <span class='ocrx_word' id='word_1_67' title='bbox 1095 565 1229 600; x_wconf 87' lang='lat' dir='ltr'>arteriis</span> <span class='ocrx_word' id='word_1_68' title='bbox 1261 564 1298 599; x_wconf 89' lang='lat' dir='ltr'>in</span> <span class='ocrx_word' id='word_1_69' title='bbox 1330 565 1429 600; x_wconf 86' lang='lat' dir='ltr'>venis</span> <span class='ocrx_word' id='word_1_70' title='bbox 1460 575 1623 612; x_wconf 72' lang='lat' dir='ltr'>apertum</span> <span class='ocrx_word' id='word_1_71' title='bbox 1654 567 1693 603; x_wconf 90' lang='lat' dir='ltr'>in</span> 
     </span>
     <span class='ocr_line' id='line_1_8' title="bbox 104 619 1693 667; baseline 0.004 -11"><span class='ocrx_word' id='word_1_72' title='bbox 104 622 190 657; x_wconf 91' lang='lat' dir='ltr'>vivo</span> <span class='ocrx_word' id='word_1_73' title='bbox 228 620 379 657; x_wconf 84' lang='lat' dir='ltr'>animale</span> <span class='ocrx_word' id='word_1_74' title='bbox 406 621 473 657; x_wconf 81' lang='lat' dir='ltr'>iter</span> <span class='ocrx_word' id='word_1_75' title='bbox 503 619 579 658; x_wconf 78' lang='lat' dir='ltr'>effe.</span> <span class='ocrx_word' id='word_1_76' title='bbox 661 619 786 657; x_wconf 61' lang='lat' dir='ltr'>Vicius</span> <span class='ocrx_word' id='word_1_77' title='bbox 818 622 853 657; x_wconf 89' lang='lat' dir='ltr'>vi</span> <span class='ocrx_word' id='word_1_78' title='bbox 886 623 960 658; x_wconf 88' lang='lat' dir='ltr'>veri</span> <span class='ocrx_word' id='word_1_79' title='bbox 997 620 1236 659; x_wconf 77' lang='lat' dir='ltr'>GALENUS</span> <span class='ocrx_word' id='word_1_80' title='bbox 1268 623 1344 667; x_wconf 82' lang='lat' dir='ltr'>(t)</span> <span class='ocrx_word' id='word_1_81' title='bbox 1363 651 1372 665; x_wconf 90' lang='lat'>‚</span> <span class='ocrx_word' id='word_1_82' title='bbox 1415 626 1568 661; x_wconf 71' lang='lat' dir='ltr'>omnino</span> <span class='ocrx_word' id='word_1_83' title='bbox 1593 624 1693 662; x_wconf 86' lang='lat' dir='ltr'>hunc</span> 
     </span>
     <span class='ocr_line' id='line_1_9' title="bbox 103 678 1692 728; baseline 0.003 -13"><span class='ocrx_word' id='word_1_84' title='bbox 103 678 284 727; x_wconf 82' lang='lat' dir='ltr'>sanguinis</span> <span class='ocrx_word' id='word_1_85' title='bbox 309 689 555 717; x_wconf 75' lang='lat' dir='ltr'>commeatum</span> <span class='ocrx_word' id='word_1_86' title='bbox 586 679 791 728; x_wconf 80' lang='lat' dir='ltr'>adgnovit,</span> <span class='ocrx_word' id='word_1_87' title='bbox 828 691 891 728; x_wconf 85' lang='lat' dir='ltr'>per</span> <span class='ocrx_word' id='word_1_88' title='bbox 917 681 1090 718; x_wconf 87' lang='lat' dir='ltr'>minimos</span> <span class='ocrx_word' id='word_1_89' title='bbox 1115 693 1202 718; x_wconf 87' lang='lat' dir='ltr'>vero</span> <span class='ocrx_word' id='word_1_90' title='bbox 1224 694 1343 719; x_wconf 80' lang='lat' dir='ltr'>ramos</span> <span class='ocrx_word' id='word_1_91' title='bbox 1368 694 1542 720; x_wconf 76' lang='lat' dir='ltr'>venarum</span> <span class='ocrx_word' id='word_1_92' title='bbox 1573 684 1608 720; x_wconf 87' lang='lat'>&amp;</span> <span class='ocrx_word' id='word_1_93' title='bbox 1638 696 1692 720; x_wconf 82' lang='lat' dir='ltr'>ar-</span> 
     </span>
     <span class='ocr_line' id='line_1_10' title="bbox 103 739 1694 787; baseline 0.003 -12"><span class='ocrx_word' id='word_1_94' title='bbox 103 739 272 776; x_wconf 80' lang='lat' dir='ltr'>teriarum</span> <span class='ocrx_word' id='word_1_95' title='bbox 298 751 382 777; x_wconf 87' lang='lat' dir='ltr'>eum</span> <span class='ocrx_word' id='word_1_96' title='bbox 414 739 575 777; x_wconf 80' lang='lat' dir='ltr'>deduxit.</span> <span class='ocrx_word' id='word_1_97' title='bbox 642 739 894 777; x_wconf 70' lang='lat' dir='ltr'>stALqu</span> <span class='ocrx_word' id='word_1_98' title='bbox 918 740 1007 787; x_wconf 80' lang='lat' dir='ltr'>(u)</span> <span class='ocrx_word' id='word_1_99' title='bbox 1032 747 1201 778; x_wconf 89' lang='lat' dir='ltr'>mutuum</span> <span class='ocrx_word' id='word_1_100' title='bbox 1228 741 1407 779; x_wconf 85' lang='lat' dir='ltr'>influxum</span> <span class='ocrx_word' id='word_1_101' title='bbox 1440 743 1475 778; x_wconf 76' lang='lat' dir='ltr'>&lt;Sc</span> <span class='ocrx_word' id='word_1_102' title='bbox 1510 739 1694 780; x_wconf 83' lang='lat' dir='ltr'>refluxum</span> 
     </span>
     <span class='ocr_line' id='line_1_11' title="bbox 101 796 1688 849; baseline 0.003 -16"><span class='ocrx_word' id='word_1_103' title='bbox 101 796 282 846; x_wconf 82' lang='lat' dir='ltr'>sanguinis</span> <span class='ocrx_word' id='word_1_104' title='bbox 304 797 460 835; x_wconf 84' lang='lat' dir='ltr'>arteriofi</span> <span class='ocrx_word' id='word_1_105' title='bbox 487 799 524 835; x_wconf 70' lang='grc' dir='ltr'>δε</span> <span class='ocrx_word' id='word_1_106' title='bbox 553 798 676 836; x_wconf 76' lang='lat' dir='ltr'>venosi</span> <span class='ocrx_word' id='word_1_107' title='bbox 691 827 700 841; x_wconf 88' lang='lat'>‚</span> <span class='ocrx_word' id='word_1_108' title='bbox 736 810 780 835; x_wconf 71' lang='lat' dir='ltr'>ex</span> <span class='ocrx_word' id='word_1_109' title='bbox 803 798 980 847; x_wconf 64' lang='lat' dir='ltr'>perspefta</span> <span class='ocrx_word' id='word_1_110' title='bbox 1004 806 1173 848; x_wconf 77' lang='lat' dir='ltr'>praeterea</span> <span class='ocrx_word' id='word_1_111' title='bbox 1189 802 1396 838; x_wconf 76' lang='lat' dir='ltr'>arteriarum</span> <span class='ocrx_word' id='word_1_112' title='bbox 1424 801 1688 849; x_wconf 70' lang='lat' dir='ltr'>magnitudine„</span> 
     </span>
     <span class='ocr_line' id='line_1_12' title="bbox 103 856 1694 908; baseline 0.003 -15"><span class='ocrx_word' id='word_1_113' title='bbox 103 866 184 893; x_wconf 84' lang='lat' dir='ltr'>ante</span> <span class='ocrx_word' id='word_1_114' title='bbox 205 863 370 905; x_wconf 85' lang='lat' dir='ltr'>tempora</span> <span class='ocrx_word' id='word_1_115' title='bbox 388 856 459 894; x_wconf 80' lang='lat' dir='ltr'>HA</span> <span class='ocrx_word' id='word_1_116' title='bbox 474 871 529 895; x_wconf 67' lang='lat' dir='ltr'>nv</span> <span class='ocrx_word' id='word_1_117' title='bbox 544 870 563 895; x_wconf 80' lang='lat' dir='ltr'><strong>E</strong></span> <span class='ocrx_word' id='word_1_118' title='bbox 580 870 592 894; x_wconf 95' lang='lat'>1</span> <span class='ocrx_word' id='word_1_119' title='bbox 609 870 632 894; x_wconf 77' lang='lat' dir='ltr'>A</span> <span class='ocrx_word' id='word_1_120' title='bbox 649 870 673 894; x_wconf 81' lang='lat' dir='ltr'>N</span> <span class='ocrx_word' id='word_1_121' title='bbox 692 870 712 894; x_wconf 87' lang='lat' dir='ltr'>A</span> <span class='ocrx_word' id='word_1_122' title='bbox 744 857 935 906; x_wconf 78' lang='lat' dir='ltr'>suspicatus</span> <span class='ocrx_word' id='word_1_123' title='bbox 967 858 1025 895; x_wconf 89' lang='lat' dir='ltr'>est.</span> <span class='ocrx_word' id='word_1_124' title='bbox 1104 858 1245 896; x_wconf 88' lang='lat' dir='ltr'>Verum</span> <span class='ocrx_word' id='word_1_125' title='bbox 1276 859 1457 908; x_wconf 81' lang='lat' dir='ltr'>sanguinis</span> <span class='ocrx_word' id='word_1_126' title='bbox 1484 872 1530 897; x_wconf 80' lang='lat' dir='ltr'>ex</span> <span class='ocrx_word' id='word_1_127' title='bbox 1552 860 1694 898; x_wconf 83' lang='lat' dir='ltr'>radicu-</span> 
     </span>
     <span class='ocr_line' id='line_1_13' title="bbox 102 915 1697 968; baseline 0.004 -17"><span class='ocrx_word' id='word_1_128' title='bbox 102 915 151 952; x_wconf 63' lang='lat' dir='ltr'>lis·</span> <span class='ocrx_word' id='word_1_129' title='bbox 174 917 211 952; x_wconf 89' lang='lat' dir='ltr'>in</span> <span class='ocrx_word' id='word_1_130' title='bbox 235 923 383 954; x_wconf 88' lang='lat' dir='ltr'>truncos</span> <span class='ocrx_word' id='word_1_131' title='bbox 404 916 585 955; x_wconf 87' lang='lat' dir='ltr'>refluentis</span> <span class='ocrx_word' id='word_1_132' title='bbox 607 918 892 954; x_wconf 82' lang='lat' dir='ltr'>communicatio</span> <span class='ocrx_word' id='word_1_133' title='bbox 913 929 975 966; x_wconf 82' lang='lat' dir='ltr'>per</span> <span class='ocrx_word' id='word_1_134' title='bbox 1006 919 1154 954; x_wconf 82' lang='lat' dir='ltr'>minima</span> <span class='ocrx_word' id='word_1_135' title='bbox 1185 918 1282 961; x_wconf 80' lang='lat' dir='ltr'>vasa,</span> <span class='ocrx_word' id='word_1_136' title='bbox 1317 931 1394 956; x_wconf 90' lang='lat' dir='ltr'>non</span> <span class='ocrx_word' id='word_1_137' title='bbox 1422 918 1614 968; x_wconf 86' lang='lat' dir='ltr'>respondet</span> <span class='ocrx_word' id='word_1_138' title='bbox 1635 931 1697 957; x_wconf 58' lang='lat' dir='ltr'>ce*</span> 
     </span>
     <span class='ocr_line' id='line_1_14' title="bbox 102 973 1696 1024; baseline 0.004 -14"><span class='ocrx_word' id='word_1_139' title='bbox 102 973 254 1017; x_wconf 80' lang='lat' dir='ltr'>leritati,</span> <span class='ocrx_word' id='word_1_140' title='bbox 283 987 351 1024; x_wconf 78' lang='lat' dir='ltr'>qua</span> <span class='ocrx_word' id='word_1_141' title='bbox 374 988 480 1013; x_wconf 88' lang='lat' dir='ltr'>cruor</span> <span class='ocrx_word' id='word_1_142' title='bbox 507 976 727 1018; x_wconf 87' lang='lat' dir='ltr'>effunditur,</span> <span class='ocrx_word' id='word_1_143' title='bbox 761 977 797 1012; x_wconf 75' lang='lat' dir='ltr'>Sc</span> <span class='ocrx_word' id='word_1_144' title='bbox 836 987 882 1012; x_wconf 83' lang='lat' dir='ltr'>ex</span> <span class='ocrx_word' id='word_1_145' title='bbox 902 978 1003 1013; x_wconf 85' lang='lat' dir='ltr'>venis</span> <span class='ocrx_word' id='word_1_146' title='bbox 1028 978 1066 1013; x_wconf 87' lang='lat' dir='ltr'>in</span> <span class='ocrx_word' id='word_1_147' title='bbox 1104 978 1267 1015; x_wconf 81' lang='lat' dir='ltr'>arteriam</span> <span class='ocrx_word' id='word_1_148' title='bbox 1302 978 1463 1016; x_wconf 87' lang='lat' dir='ltr'>redituro</span> <span class='ocrx_word' id='word_1_149' title='bbox 1490 979 1607 1016; x_wconf 77' lang='lat' dir='ltr'>obstat</span> <span class='ocrx_word' id='word_1_150' title='bbox 1631 978 1696 1017; x_wconf 53' lang='lat' dir='ltr'>de»</span> 
     </span>
     <span class='ocr_line' id='line_1_15' title="bbox 103 1034 1549 1083; baseline 0.001 -13"><span class='ocrx_word' id='word_1_151' title='bbox 103 1034 299 1072; x_wconf 78' lang='lat' dir='ltr'>monstrata</span> <span class='ocrx_word' id='word_1_152' title='bbox 320 1034 501 1083; x_wconf 75' lang='lat' dir='ltr'>sanguinis</span> <span class='ocrx_word' id='word_1_153' title='bbox 523 1047 542 1071; x_wconf 84' lang='lat' dir='ltr'>a</span> <span class='ocrx_word' id='word_1_154' title='bbox 567 1035 678 1072; x_wconf 85' lang='lat' dir='ltr'>corde</span> <span class='ocrx_word' id='word_1_155' title='bbox 702 1035 878 1072; x_wconf 78' lang='lat' dir='ltr'>venientis</span> <span class='ocrx_word' id='word_1_156' title='bbox 904 1035 1062 1073; x_wconf 58' lang='lat' dir='ltr'>directio,</span> <span class='ocrx_word' id='word_1_157' title='bbox 1540 1035 1549 1043; x_wconf 71' lang='lat'><strong>⁹</strong></span> 
     </span>
    </p>
   </div>
   <div class='ocr_carea' id='block_1_3' title="bbox 163 1150 1630 1258">
    <p class='ocr_par' dir='ltr' id='par_1_4' title="bbox 163 1150 1630 1258">
     <span class='ocr_line' id='line_1_16' title="bbox 163 1150 1630 1200; baseline 0.004 -11"><span class='ocrx_word' id='word_1_158' title='bbox 163 1156 195 1197; x_wconf 81' lang='lat'>§.</span> <span class='ocrx_word' id='word_1_159' title='bbox 232 1150 332 1189; x_wconf 87' lang='lat' dir='ltr'><strong>VII.</strong></span> <span class='ocrx_word' id='word_1_160' title='bbox 401 1152 616 1200; x_wconf 80' lang='lat' dir='ltr'>Sanguinem</span> <span class='ocrx_word' id='word_1_161' title='bbox 645 1152 687 1190; x_wconf 82' lang='lat' dir='ltr'>ab</span> <span class='ocrx_word' id='word_1_162' title='bbox 720 1165 791 1190; x_wconf 81' lang='lat' dir='ltr'>una</span> <span class='ocrx_word' id='word_1_163' title='bbox 825 1165 914 1191; x_wconf 77' lang='lat' dir='ltr'>vena</span> <span class='ocrx_word' id='word_1_164' title='bbox 940 1156 977 1190; x_wconf 83' lang='lat' dir='ltr'>in</span> <span class='ocrx_word' id='word_1_165' title='bbox 1002 1166 1116 1192; x_wconf 82' lang='lat' dir='ltr'>omnes</span> <span class='ocrx_word' id='word_1_166' title='bbox 1141 1158 1295 1194; x_wconf 77' lang='lat' dir='ltr'>arterias</span> <span class='ocrx_word' id='word_1_167' title='bbox 1327 1154 1373 1199; x_wconf 53' lang='grc' dir='ltr'>ἓξ</span> <span class='ocrx_word' id='word_1_168' title='bbox 1409 1168 1517 1195; x_wconf 73' lang='lat' dir='ltr'>venas</span> <span class='ocrx_word' id='word_1_169' title='bbox 1545 1157 1630 1200; x_wconf 45' lang='lat' dir='ltr'>didi:</span> 
     </span>
     <span class='ocr_line' id='line_1_17' title="bbox 549 1210 1232 1258; baseline 0.004 -10"><span class='ocrx_word' id='word_1_170' title='bbox 549 1210 726 1258; x_wconf 77' lang='lat' dir='ltr'>ostendunt</span> <span class='ocrx_word' id='word_1_171' title='bbox 748 1224 881 1249; x_wconf 78' lang='lat' dir='ltr'>venena</span> <span class='ocrx_word' id='word_1_172' title='bbox 911 1215 950 1249; x_wconf 77' lang='lat' dir='ltr'>in</span> <span class='ocrx_word' id='word_1_173' title='bbox 977 1225 1105 1251; x_wconf 79' lang='lat' dir='ltr'>venam</span> <span class='ocrx_word' id='word_1_174' title='bbox 1137 1215 1232 1251; x_wconf 76' lang='lat' dir='ltr'>data,</span> 
     </span>
    </p>
   </div>
   <div class='ocr_carea' id='block_1_4' title="bbox 100 1303 1692 2063">
    <p class='ocr_par' dir='ltr' id='par_1_5' title="bbox 100 1303 1692 2063">
     <span class='ocr_line' id='line_1_18' title="bbox 179 1303 1691 1355; baseline 0.005 -14"><span class='ocrx_word' id='word_1_175' title='bbox 179 1303 246 1342; x_wconf 88' lang='lat' dir='ltr'>His</span> <span class='ocrx_word' id='word_1_176' title='bbox 275 1304 348 1342; x_wconf 88' lang='lat' dir='ltr'>fere</span> <span class='ocrx_word' id='word_1_177' title='bbox 379 1306 634 1355; x_wconf 83' lang='lat' dir='ltr'>experimentis</span> <span class='ocrx_word' id='word_1_178' title='bbox 670 1318 810 1344; x_wconf 88' lang='lat' dir='ltr'>novum</span> <span class='ocrx_word' id='word_1_179' title='bbox 837 1308 1028 1345; x_wconf 87' lang='lat' dir='ltr'>inventum</span> <span class='ocrx_word' id='word_1_180' title='bbox 1059 1307 1168 1345; x_wconf 63' lang='grc' dir='ltr'>ΗΑΒ</span> <span class='ocrx_word' id='word_1_181' title='bbox 1186 1320 1337 1346; x_wconf 81' lang='lat' dir='ltr'>VEIUS</span> <span class='ocrx_word' id='word_1_182' title='bbox 1370 1310 1546 1348; x_wconf 79' lang='lat' dir='ltr'>stabilivit.</span> <span class='ocrx_word' id='word_1_183' title='bbox 1612 1310 1691 1349; x_wconf 68' lang='lat' dir='ltr'>Alia</span> 
     </span>
     <span class='ocr_line' id='line_1_19' title="bbox 101 1363 1691 1415; baseline 0.004 -14"><span class='ocrx_word' id='word_1_184' title='bbox 101 1363 331 1413; x_wconf 81' lang='lat' dir='ltr'>supererant,</span> <span class='ocrx_word' id='word_1_185' title='bbox 366 1376 445 1413; x_wconf 85' lang='lat' dir='ltr'>quae</span> <span class='ocrx_word' id='word_1_186' title='bbox 474 1364 526 1403; x_wconf 91' lang='lat' dir='ltr'>Cl.</span> <span class='ocrx_word' id='word_1_187' title='bbox 569 1366 648 1403; x_wconf 85' lang='lat' dir='ltr'>viro</span> <span class='ocrx_word' id='word_1_188' title='bbox 674 1367 839 1414; x_wconf 85' lang='lat' dir='ltr'>ignorata</span> <span class='ocrx_word' id='word_1_189' title='bbox 867 1368 1035 1415; x_wconf 83' lang='lat' dir='ltr'>proxima</span> <span class='ocrx_word' id='word_1_190' title='bbox 1058 1367 1208 1405; x_wconf 88' lang='lat' dir='ltr'>demum</span> <span class='ocrx_word' id='word_1_191' title='bbox 1236 1375 1316 1405; x_wconf 84' lang='lat' dir='ltr'>aetas</span> <span class='ocrx_word' id='word_1_192' title='bbox 1338 1368 1483 1406; x_wconf 83' lang='lat' dir='ltr'>detexit.</span> <span class='ocrx_word' id='word_1_193' title='bbox 1552 1369 1691 1408; x_wconf 89' lang='lat' dir='ltr'>Eorum</span> 
     </span>
     <span class='ocr_line' id='line_1_20' title="bbox 101 1423 1691 1478; baseline 0.004 -19"><span class='ocrx_word' id='word_1_194' title='bbox 101 1425 216 1473; x_wconf 88' lang='lat' dir='ltr'>prima</span> <span class='ocrx_word' id='word_1_195' title='bbox 244 1423 429 1467; x_wconf 82' lang='lat' dir='ltr'>dicemus,</span> <span class='ocrx_word' id='word_1_196' title='bbox 469 1435 548 1473; x_wconf 88' lang='lat' dir='ltr'>quae</span> <span class='ocrx_word' id='word_1_197' title='bbox 581 1425 624 1461; x_wconf 83' lang='lat' dir='ltr'>ab</span> <span class='ocrx_word' id='word_1_198' title='bbox 650 1425 818 1463; x_wconf 84' lang='lat' dir='ltr'>infusoria</span> <span class='ocrx_word' id='word_1_199' title='bbox 847 1426 1026 1474; x_wconf 86' lang='lat' dir='ltr'>chirurgia</span> <span class='ocrx_word' id='word_1_200' title='bbox 1067 1434 1289 1476; x_wconf 87' lang='lat' dir='ltr'>repetuntur.</span> <span class='ocrx_word' id='word_1_201' title='bbox 1375 1428 1520 1478; x_wconf 87' lang='lat' dir='ltr'>Nempe</span> <span class='ocrx_word' id='word_1_202' title='bbox 1555 1431 1592 1466; x_wconf 91' lang='lat' dir='ltr'>in</span> <span class='ocrx_word' id='word_1_203' title='bbox 1618 1431 1691 1467; x_wconf 88' lang='lat' dir='ltr'>vivi</span> 
     </span>
     <span class='ocr_line' id='line_1_21' title="bbox 101 1482 1690 1531; baseline 0.004 -12"><span class='ocrx_word' id='word_1_204' title='bbox 101 1482 262 1520; x_wconf 79' lang='lat' dir='ltr'>animalis</span> <span class='ocrx_word' id='word_1_205' title='bbox 290 1482 436 1520; x_wconf 85' lang='lat' dir='ltr'>incisam</span> <span class='ocrx_word' id='word_1_206' title='bbox 472 1495 602 1521; x_wconf 85' lang='lat' dir='ltr'>venam</span> <span class='ocrx_word' id='word_1_207' title='bbox 630 1483 725 1522; x_wconf 81' lang='lat' dir='ltr'>succi</span> <span class='ocrx_word' id='word_1_208' title='bbox 752 1484 919 1522; x_wconf 82' lang='lat' dir='ltr'>medicati</span> <span class='ocrx_word' id='word_1_209' title='bbox 954 1495 1013 1522; x_wconf 81' lang='lat' dir='ltr'>aut</span> <span class='ocrx_word' id='word_1_210' title='bbox 1045 1498 1182 1531; x_wconf 82' lang='lat' dir='ltr'>venena</span> <span class='ocrx_word' id='word_1_211' title='bbox 1220 1487 1464 1525; x_wconf 87' lang='lat' dir='ltr'>inmittuntur.</span> <span class='ocrx_word' id='word_1_212' title='bbox 1543 1488 1580 1527; x_wconf 83' lang='lat' dir='ltr'>Si</span> <span class='ocrx_word' id='word_1_213' title='bbox 1606 1501 1690 1526; x_wconf 78' lang='lat' dir='ltr'>vera</span> 
     </span>
     <span class='ocr_line' id='line_1_22' title="bbox 102 1537 1692 1596; baseline 0.005 -19"><span class='ocrx_word' id='word_1_214' title='bbox 102 1540 186 1578; x_wconf 78' lang='lat' dir='ltr'>esset</span> <span class='ocrx_word' id='word_1_215' title='bbox 214 1540 385 1578; x_wconf 70' lang='lat' dir='ltr'>GALizN</span> <span class='ocrx_word' id='word_1_216' title='bbox 404 1553 416 1577; x_wconf 93' lang='lat'>1</span> <span class='ocrx_word' id='word_1_217' title='bbox 431 1553 451 1578; x_wconf 90' lang='lat' dir='ltr'>c</span> <span class='ocrx_word' id='word_1_218' title='bbox 467 1553 490 1577; x_wconf 85' lang='lat' dir='ltr'>A</span> <span class='ocrx_word' id='word_1_219' title='bbox 525 1542 581 1578; x_wconf 85' lang='lat' dir='ltr'>illa</span> <span class='ocrx_word' id='word_1_220' title='bbox 611 1537 774 1586; x_wconf 76' lang='lat' dir='ltr'>theoria‘,</span> <span class='ocrx_word' id='word_1_221' title='bbox 807 1555 951 1592; x_wconf 84' lang='lat' dir='ltr'>aequum</span> <span class='ocrx_word' id='word_1_222' title='bbox 970 1545 1019 1581; x_wconf 91' lang='lat' dir='ltr'>est</span> <span class='ocrx_word' id='word_1_223' title='bbox 1043 1544 1240 1593; x_wconf 67' lang='lat' dir='ltr'>exspestare</span> <span class='ocrx_word' id='word_1_224' title='bbox 1257 1573 1266 1587; x_wconf 87' lang='lat'>‚</span> <span class='ocrx_word' id='word_1_225' title='bbox 1300 1553 1340 1582; x_wconf 86' lang='lat' dir='ltr'>ut</span> <span class='ocrx_word' id='word_1_226' title='bbox 1359 1548 1411 1583; x_wconf 87' lang='lat' dir='ltr'>vis</span> <span class='ocrx_word' id='word_1_227' title='bbox 1437 1559 1566 1584; x_wconf 87' lang='lat' dir='ltr'>eorum</span> <span class='ocrx_word' id='word_1_228' title='bbox 1585 1547 1692 1596; x_wconf 82' lang='lat' dir='ltr'>phar-</span> 
     </span>
     <span class='ocr_line' id='line_1_23' title="bbox 101 1600 1691 1656; baseline 0.005 -20"><span class='ocrx_word' id='word_1_229' title='bbox 101 1612 291 1644; x_wconf 81' lang='lat' dir='ltr'>macorum</span> <span class='ocrx_word' id='word_1_230' title='bbox 326 1612 411 1638; x_wconf 90' lang='lat' dir='ltr'>cum</span> <span class='ocrx_word' id='word_1_231' title='bbox 443 1600 613 1649; x_wconf 75' lang='lat' dir='ltr'>sanguine</span> <span class='ocrx_word' id='word_1_232' title='bbox 644 1602 689 1639; x_wconf 83' lang='lat' dir='ltr'>ad</span> <span class='ocrx_word' id='word_1_233' title='bbox 708 1609 891 1640; x_wconf 84' lang='lat' dir='ltr'>extremos</span> <span class='ocrx_word' id='word_1_234' title='bbox 913 1615 1032 1640; x_wconf 80' lang='lat' dir='ltr'>ramos</span> <span class='ocrx_word' id='word_1_235' title='bbox 1058 1605 1133 1651; x_wconf 87' lang='lat' dir='ltr'>ejus</span> <span class='ocrx_word' id='word_1_236' title='bbox 1156 1616 1254 1641; x_wconf 80' lang='lat' dir='ltr'>venae</span> <span class='ocrx_word' id='word_1_237' title='bbox 1282 1604 1485 1649; x_wconf 77' lang='lat' dir='ltr'>deferatur,</span> <span class='ocrx_word' id='word_1_238' title='bbox 1514 1618 1594 1656; x_wconf 84' lang='lat' dir='ltr'>quae</span> <span class='ocrx_word' id='word_1_239' title='bbox 1614 1618 1691 1643; x_wconf 89' lang='lat' dir='ltr'>me-</span> 
     </span>
     <span class='ocr_line' id='line_1_24' title="bbox 102 1658 1691 1714; baseline 0.005 -19"><span class='ocrx_word' id='word_1_240' title='bbox 102 1658 267 1696; x_wconf 85' lang='lat' dir='ltr'>dicamen</span> <span class='ocrx_word' id='word_1_241' title='bbox 287 1660 449 1708; x_wconf 87' lang='lat' dir='ltr'>recepit,</span> <span class='ocrx_word' id='word_1_242' title='bbox 487 1666 594 1709; x_wconf 83' lang='lat' dir='ltr'>atque</span> <span class='ocrx_word' id='word_1_243' title='bbox 615 1660 706 1698; x_wconf 85' lang='lat' dir='ltr'>adeo</span> <span class='ocrx_word' id='word_1_244' title='bbox 730 1663 805 1709; x_wconf 87' lang='lat' dir='ltr'>ejus</span> <span class='ocrx_word' id='word_1_245' title='bbox 827 1660 980 1699; x_wconf 80' lang='lat' dir='ltr'>efficacia</span> <span class='ocrx_word' id='word_1_246' title='bbox 1005 1664 1042 1699; x_wconf 87' lang='lat' dir='ltr'>in</span> <span class='ocrx_word' id='word_1_247' title='bbox 1069 1675 1114 1700; x_wconf 88' lang='lat' dir='ltr'>eo</span> <span class='ocrx_word' id='word_1_248' title='bbox 1145 1671 1223 1701; x_wconf 80' lang='lat' dir='ltr'>artu</span> <span class='ocrx_word' id='word_1_249' title='bbox 1252 1663 1417 1713; x_wconf 79' lang='lat' dir='ltr'>adpareat</span> <span class='ocrx_word' id='word_1_250' title='bbox 1437 1693 1446 1707; x_wconf 89' lang='lat'>,</span> <span class='ocrx_word' id='word_1_251' title='bbox 1473 1677 1583 1714; x_wconf 86' lang='lat' dir='ltr'>quem</span> <span class='ocrx_word' id='word_1_252' title='bbox 1599 1677 1691 1703; x_wconf 80' lang='lat' dir='ltr'>vena</span> 
     </span>
     <span class='ocr_line' id='line_1_25' title="bbox 100 1718 1692 1769; baseline 0.004 -14"><span class='ocrx_word' id='word_1_253' title='bbox 100 1730 244 1765; x_wconf 85' lang='lat' dir='ltr'>veneno</span> <span class='ocrx_word' id='word_1_254' title='bbox 260 1719 386 1756; x_wconf 66' lang='lat' dir='ltr'>infesta</span> <span class='ocrx_word' id='word_1_255' title='bbox 407 1718 489 1756; x_wconf 83' lang='lat' dir='ltr'>adit.</span> <span class='ocrx_word' id='word_1_256' title='bbox 555 1718 694 1758; x_wconf 86' lang='lat' dir='ltr'>Verum</span> <span class='ocrx_word' id='word_1_257' title='bbox 730 1718 842 1769; x_wconf 83' lang='lat' dir='ltr'>longe</span> <span class='ocrx_word' id='word_1_258' title='bbox 872 1721 937 1758; x_wconf 81' lang='lat' dir='ltr'>alia</span> <span class='ocrx_word' id='word_1_259' title='bbox 962 1729 1111 1760; x_wconf 79' lang='lat' dir='ltr'>eventus</span> <span class='ocrx_word' id='word_1_260' title='bbox 1147 1722 1264 1759; x_wconf 83' lang='lat' dir='ltr'>docet.</span> <span class='ocrx_word' id='word_1_261' title='bbox 1342 1723 1409 1760; x_wconf 87' lang='lat' dir='ltr'>Vis</span> <span class='ocrx_word' id='word_1_262' title='bbox 1442 1726 1539 1761; x_wconf 89' lang='lat' dir='ltr'>enim</span> <span class='ocrx_word' id='word_1_263' title='bbox 1560 1736 1692 1763; x_wconf 89' lang='lat' dir='ltr'>eorum</span> 
     </span>
     <span class='ocr_line' id='line_1_26' title="bbox 100 1778 1691 1831; baseline 0.004 -17"><span class='ocrx_word' id='word_1_264' title='bbox 100 1778 455 1815; x_wconf 83' lang='lat' dir='ltr'>medicamentorum</span> <span class='ocrx_word' id='word_1_265' title='bbox 475 1780 513 1815; x_wconf 94' lang='lat' dir='ltr'>in</span> <span class='ocrx_word' id='word_1_266' title='bbox 541 1780 675 1827; x_wconf 83' lang='lat' dir='ltr'>capite,</span> <span class='ocrx_word' id='word_1_267' title='bbox 710 1782 748 1817; x_wconf 88' lang='lat' dir='ltr'>in</span> <span class='ocrx_word' id='word_1_268' title='bbox 774 1780 986 1824; x_wconf 80' lang='lat' dir='ltr'>visceribus,</span> <span class='ocrx_word' id='word_1_269' title='bbox 1018 1784 1054 1818; x_wconf 87' lang='lat' dir='ltr'>in</span> <span class='ocrx_word' id='word_1_270' title='bbox 1081 1789 1162 1819; x_wconf 89' lang='lat' dir='ltr'>toto</span> <span class='ocrx_word' id='word_1_271' title='bbox 1193 1793 1349 1831; x_wconf 92' lang='lat' dir='ltr'>corpore</span> <span class='ocrx_word' id='word_1_272' title='bbox 1373 1784 1534 1821; x_wconf 84' lang='lat' dir='ltr'>animalis</span> <span class='ocrx_word' id='word_1_273' title='bbox 1564 1782 1691 1822; x_wconf 83' lang='lat' dir='ltr'>efficax</span> 
     </span>
     <span class='ocr_line' id='line_1_27' title="bbox 101 1836 1691 1900; baseline 0.004 -28"><span class='ocrx_word' id='word_1_274' title='bbox 101 1836 135 1873; x_wconf 88' lang='lat' dir='ltr'>se</span> <span class='ocrx_word' id='word_1_275' title='bbox 162 1837 288 1880; x_wconf 83' lang='lat' dir='ltr'>offert,</span> <span class='ocrx_word' id='word_1_276' title='bbox 320 1838 395 1887; x_wconf 83' lang='lat' dir='ltr'>quo</span> <span class='ocrx_word' id='word_1_277' title='bbox 419 1837 521 1874; x_wconf 89' lang='lat' dir='ltr'>nullo</span> <span class='ocrx_word' id='word_1_278' title='bbox 545 1838 660 1876; x_wconf 87' lang='lat' dir='ltr'>modo</span> <span class='ocrx_word' id='word_1_279' title='bbox 692 1841 729 1876; x_wconf 86' lang='lat' dir='ltr'>in</span> <span class='ocrx_word' id='word_1_280' title='bbox 758 1841 870 1877; x_wconf 88' lang='lat' dir='ltr'>veteri</span> <span class='ocrx_word' id='word_1_281' title='bbox 893 1840 1032 1877; x_wconf 84' lang='lat' dir='ltr'>theoria</span> <span class='ocrx_word' id='word_1_282' title='bbox 1055 1840 1196 1889; x_wconf 80' lang='lat' dir='ltr'>sanguis</span> <span class='ocrx_word' id='word_1_283' title='bbox 1231 1842 1306 1900; x_wconf 61' lang='lat' dir='ltr'>ejus</span> <span class='ocrx_word' id='word_1_284' title='bbox 1338 1855 1437 1880; x_wconf 84' lang='lat' dir='ltr'>venae</span> <span class='ocrx_word' id='word_1_285' title='bbox 1461 1844 1580 1880; x_wconf 84' lang='lat' dir='ltr'>venit:</span> <span class='ocrx_word' id='word_1_286' title='bbox 1615 1855 1691 1880; x_wconf 87' lang='lat' dir='ltr'>ma-</span> 
     </span>
     <span class='ocr_line' id='line_1_28' title="bbox 101 1896 1685 1949; baseline 0.003 -16"><span class='ocrx_word' id='word_1_287' title='bbox 101 1896 231 1933; x_wconf 87' lang='lat' dir='ltr'>nifesto</span> <span class='ocrx_word' id='word_1_288' title='bbox 272 1896 394 1934; x_wconf 88' lang='lat' dir='ltr'>denuo</span> <span class='ocrx_word' id='word_1_289' title='bbox 428 1905 672 1944; x_wconf 77' lang='lat' dir='ltr'>argumento,</span> <span class='ocrx_word' id='word_1_290' title='bbox 710 1898 941 1947; x_wconf 80' lang='lat' dir='ltr'>sanguinem,</span> <span class='ocrx_word' id='word_1_291' title='bbox 976 1912 1061 1937; x_wconf 88' lang='lat' dir='ltr'>cum</span> <span class='ocrx_word' id='word_1_292' title='bbox 1081 1912 1156 1949; x_wconf 89' lang='lat' dir='ltr'>quo</span> <span class='ocrx_word' id='word_1_293' title='bbox 1192 1901 1500 1939; x_wconf 85' lang='lat' dir='ltr'>medicamentum</span> <span class='ocrx_word' id='word_1_294' title='bbox 1530 1903 1685 1939; x_wconf 90' lang='lat' dir='ltr'>commi-</span> 
     </span>
     <span class='ocr_line' id='line_1_29' title="bbox 102 1954 1688 2009; baseline 0.004 -19"><span class='ocrx_word' id='word_1_295' title='bbox 102 1954 257 1992; x_wconf 88' lang='lat' dir='ltr'>scuimus</span> <span class='ocrx_word' id='word_1_296' title='bbox 273 1983 282 1997; x_wconf 89' lang='lat'>‚</span> <span class='ocrx_word' id='word_1_297' title='bbox 313 1957 349 1992; x_wconf 89' lang='lat'>&amp;</span> <span class='ocrx_word' id='word_1_298' title='bbox 373 1955 489 2004; x_wconf 86' lang='lat' dir='ltr'>ipsum</span> <span class='ocrx_word' id='word_1_299' title='bbox 508 1968 554 1993; x_wconf 84' lang='lat' dir='ltr'>ex</span> <span class='ocrx_word' id='word_1_300' title='bbox 581 1969 620 1994; x_wconf 82' lang='lat' dir='ltr'>ea</span> <span class='ocrx_word' id='word_1_301' title='bbox 648 1969 737 1996; x_wconf 86' lang='lat' dir='ltr'>vena</span> <span class='ocrx_word' id='word_1_302' title='bbox 758 1958 802 1995; x_wconf 86' lang='lat' dir='ltr'>ad</span> <span class='ocrx_word' id='word_1_303' title='bbox 830 1965 950 1995; x_wconf 86' lang='lat' dir='ltr'>totum</span> <span class='ocrx_word' id='word_1_304' title='bbox 984 1959 1165 2008; x_wconf 88' lang='lat' dir='ltr'>reliquum</span> <span class='ocrx_word' id='word_1_305' title='bbox 1194 1960 1362 2006; x_wconf 53' lang='lat' dir='ltr'>animalis,</span> <span class='ocrx_word' id='word_1_306' title='bbox 1381 1972 1513 2009; x_wconf 88' lang='lat' dir='ltr'>corpus</span> <span class='ocrx_word' id='word_1_307' title='bbox 1535 1959 1688 2006; x_wconf 69' lang='lat' dir='ltr'>venisseg</span> 
     </span>
     <span class='ocr_line' id='line_1_30' title="bbox 104 2013 1689 2063; baseline 0.004 -14"><span class='ocrx_word' id='word_1_308' title='bbox 104 2013 141 2049; x_wconf 70' lang='grc' dir='ltr'>δι</span> <span class='ocrx_word' id='word_1_309' title='bbox 170 2013 318 2062; x_wconf 90' lang='lat' dir='ltr'>quidem</span> <span class='ocrx_word' id='word_1_310' title='bbox 354 2015 521 2051; x_wconf 89' lang='lat' dir='ltr'>omnium</span> <span class='ocrx_word' id='word_1_311' title='bbox 557 2016 718 2063; x_wconf 87' lang='lat' dir='ltr'>primum</span> <span class='ocrx_word' id='word_1_312' title='bbox 749 2017 794 2053; x_wconf 86' lang='lat' dir='ltr'>ad</span> <span class='ocrx_word' id='word_1_313' title='bbox 829 2017 948 2054; x_wconf 88' lang='lat' dir='ltr'>cordis</span> <span class='ocrx_word' id='word_1_314' title='bbox 979 2018 1120 2056; x_wconf 85' lang='lat' dir='ltr'>dextras</span> <span class='ocrx_word' id='word_1_315' title='bbox 1156 2029 1287 2055; x_wconf 77' lang='lat' dir='ltr'>caveas.</span> <span class='ocrx_word' id='word_1_316' title='bbox 1371 2019 1469 2056; x_wconf 84' lang='lat' dir='ltr'>Nam</span> <span class='ocrx_word' id='word_1_317' title='bbox 1498 2020 1536 2056; x_wconf 90' lang='lat' dir='ltr'>in</span> <span class='ocrx_word' id='word_1_318' title='bbox 1564 2019 1689 2056; x_wconf 83' lang='lat' dir='ltr'>dextra</span> 
     </span>
    </p>
   </div>
   <div class='ocr_carea' id='block_1_5' title="bbox 103 2079 1688 2451">
    <p class='ocr_par' dir='ltr' id='par_1_6' title="bbox 103 2079 1688 2451">
     <span class='ocr_line' id='line_1_31' title="bbox 1597 2079 1688 2117; baseline -0.011 -1"><span class='ocrx_word' id='word_1_319' title='bbox 1597 2079 1688 2117; x_wconf 63' lang='lat' dir='ltr'>auri&lt;</span> 
     </span>
     <span class='ocr_line' id='line_1_32' title="bbox 145 2161 700 2202; baseline 0.007 -11"><span class='ocrx_word' id='word_1_320' title='bbox 145 2161 472 2199; x_wconf 72' lang='lat' dir='ltr'>(p)HARv1·:10.</span> <span class='ocrx_word' id='word_1_321' title='bbox 506 2172 550 2193; x_wconf 83' lang='lat'>12.</span> <span class='ocrx_word' id='word_1_322' title='bbox 580 2173 700 2202; x_wconf 81' lang='lat' dir='ltr'>p.115.</span> 
     </span>
     <span class='ocr_line' id='line_1_33' title="bbox 144 2202 970 2244; baseline 0.01 -13"><span class='ocrx_word' id='word_1_323' title='bbox 144 2202 216 2241; x_wconf 80' lang='lat' dir='ltr'>(q)</span> <span class='ocrx_word' id='word_1_324' title='bbox 244 2202 269 2232; x_wconf 90' lang='lat' dir='ltr'>G</span> <span class='ocrx_word' id='word_1_325' title='bbox 284 2212 303 2231; x_wconf 73' lang='lat' dir='ltr'>A</span> <span class='ocrx_word' id='word_1_326' title='bbox 318 2212 340 2231; x_wconf 74' lang='grc' dir='ltr'>τ</span> <span class='ocrx_word' id='word_1_327' title='bbox 355 2213 363 2230; x_wconf 90' lang='grc' dir='ltr'><em>ι</em></span> <span class='ocrx_word' id='word_1_328' title='bbox 379 2212 400 2231; x_wconf 85' lang='lat' dir='ltr'>N</span> <span class='ocrx_word' id='word_1_329' title='bbox 412 2213 430 2232; x_wconf 78' lang='grc' dir='ltr'><strong>Α</strong></span> <span class='ocrx_word' id='word_1_330' title='bbox 444 2212 495 2233; x_wconf 68' lang='lat' dir='ltr'>nti</span> <span class='ocrx_word' id='word_1_331' title='bbox 523 2213 636 2241; x_wconf 84' lang='lat' dir='ltr'>operum</span> <span class='ocrx_word' id='word_1_332' title='bbox 662 2216 689 2244; x_wconf 89' lang='lat' dir='ltr'>p.</span> <span class='ocrx_word' id='word_1_333' title='bbox 723 2216 767 2244; x_wconf 77' lang='grc' dir='ltr'>ις.</span> <span class='ocrx_word' id='word_1_334' title='bbox 791 2207 859 2239; x_wconf 80' lang='lat' dir='ltr'>edit.</span> <span class='ocrx_word' id='word_1_335' title='bbox 887 2207 970 2239; x_wconf 76' lang='lat' dir='ltr'>Bam.</span> 
     </span>
     <span class='ocr_line' id='line_1_34' title="bbox 147 2242 1017 2288; baseline 0.011 -18"><span class='ocrx_word' id='word_1_336' title='bbox 147 2244 220 2280; x_wconf 83' lang='lat' dir='ltr'>(r)</span> <span class='ocrx_word' id='word_1_337' title='bbox 246 2242 273 2272; x_wconf 88' lang='lat' dir='ltr'>K</span> <span class='ocrx_word' id='word_1_338' title='bbox 288 2251 305 2271; x_wconf 78' lang='lat' dir='ltr'>A</span> <span class='ocrx_word' id='word_1_339' title='bbox 323 2252 343 2271; x_wconf 83' lang='lat' dir='ltr'>N</span> <span class='ocrx_word' id='word_1_340' title='bbox 359 2253 377 2272; x_wconf 94' lang='lat' dir='ltr'>o</span> <span class='ocrx_word' id='word_1_341' title='bbox 397 2254 413 2272; x_wconf 78' lang='grc' dir='ltr'>ι.</span> <span class='ocrx_word' id='word_1_342' title='bbox 428 2254 448 2273; x_wconf 81' lang='lat' dir='ltr'>n</span> <span class='ocrx_word' id='word_1_343' title='bbox 472 2246 557 2274; x_wconf 85' lang='lat' dir='ltr'>Bresl.</span> <span class='ocrx_word' id='word_1_344' title='bbox 584 2248 755 2285; x_wconf 81' lang='lat' dir='ltr'>Samlungm</span> <span class='ocrx_word' id='word_1_345' title='bbox 786 2252 873 2286; x_wconf 89' lang='lat'><strong>1726.</strong></span> <span class='ocrx_word' id='word_1_346' title='bbox 898 2259 924 2287; x_wconf 85' lang='lat' dir='ltr'>p.</span> <span class='ocrx_word' id='word_1_347' title='bbox 950 2257 1017 2288; x_wconf 81' lang='lat'>254.</span> 
     </span>
     <span class='ocr_line' id='line_1_35' title="bbox 144 2282 1687 2330; baseline 0.008 -19"><span class='ocrx_word' id='word_1_348' title='bbox 144 2284 214 2319; x_wconf 87' lang='lat' dir='ltr'>(s)</span> <span class='ocrx_word' id='word_1_349' title='bbox 236 2282 252 2312; x_wconf 88' lang='grc' dir='ltr'>Ι.</span> <span class='ocrx_word' id='word_1_350' title='bbox 277 2293 303 2313; x_wconf 89' lang='lat' dir='ltr'>c.</span> <span class='ocrx_word' id='word_1_351' title='bbox 329 2293 356 2321; x_wconf 84' lang='lat' dir='ltr'>p.</span> <span class='ocrx_word' id='word_1_352' title='bbox 381 2293 444 2322; x_wconf 87' lang='lat'><strong>177·</strong></span> <span class='ocrx_word' id='word_1_353' title='bbox 465 2286 510 2316; x_wconf 87' lang='lat' dir='ltr'>ed.</span> <span class='ocrx_word' id='word_1_354' title='bbox 534 2285 610 2324; x_wconf 79' lang='lat' dir='ltr'>Beig.</span> <span class='ocrx_word' id='word_1_355' title='bbox 634 2287 841 2321; x_wconf 61' lang='lat' dir='ltr'>Collectionem</span> <span class='ocrx_word' id='word_1_356' title='bbox 860 2290 1128 2330; x_wconf 78' lang='lat' dir='ltr'>haemorrhagiarum</span> <span class='ocrx_word' id='word_1_357' title='bbox 1147 2290 1314 2324; x_wconf 81' lang='lat' dir='ltr'>venosarum</span> <span class='ocrx_word' id='word_1_358' title='bbox 1335 2292 1425 2324; x_wconf 79' lang='lat' dir='ltr'>habet</span> <span class='ocrx_word' id='word_1_359' title='bbox 1452 2293 1477 2330; x_wconf 89' lang='lat' dir='ltr'>J.</span> <span class='ocrx_word' id='word_1_360' title='bbox 1509 2293 1631 2326; x_wconf 60' lang='lat' dir='ltr'>Bona</span> <span class='ocrx_word' id='word_1_361' title='bbox 1655 2296 1687 2325; x_wconf 81' lang='lat' dir='ltr'>de</span> 
     </span>
     <span class='ocr_line' id='line_1_36' title="bbox 103 2325 552 2365; baseline 0.004 -11"><span class='ocrx_word' id='word_1_362' title='bbox 103 2325 224 2355; x_wconf 71' lang='lat' dir='ltr'>lethait.</span> <span class='ocrx_word' id='word_1_363' title='bbox 247 2325 326 2353; x_wconf 86' lang='lat' dir='ltr'>vuln.</span> <span class='ocrx_word' id='word_1_364' title='bbox 355 2334 382 2362; x_wconf 94' lang='lat' dir='ltr'>p.</span> <span class='ocrx_word' id='word_1_365' title='bbox 408 2329 454 2355; x_wconf 85' lang='lat'>26.</span> <span class='ocrx_word' id='word_1_366' title='bbox 481 2325 552 2365; x_wconf 81' lang='lat' dir='ltr'>seqq.</span> 
     </span>
     <span class='ocr_line' id='line_1_37' title="bbox 147 2363 794 2410; baseline 0.019 -19"><span class='ocrx_word' id='word_1_367' title='bbox 147 2364 213 2401; x_wconf 79' lang='lat' dir='ltr'>(t)</span> <span class='ocrx_word' id='word_1_368' title='bbox 241 2366 284 2394; x_wconf 86' lang='lat' dir='ltr'>De</span> <span class='ocrx_word' id='word_1_369' title='bbox 304 2363 406 2402; x_wconf 78' lang='lat' dir='ltr'>facult.</span> <span class='ocrx_word' id='word_1_370' title='bbox 431 2373 528 2396; x_wconf 85' lang='lat' dir='ltr'>natur.</span> <span class='ocrx_word' id='word_1_371' title='bbox 559 2367 589 2398; x_wconf 93' lang='lat' dir='ltr'>L.</span> <span class='ocrx_word' id='word_1_372' title='bbox 616 2367 666 2399; x_wconf 89' lang='lat' dir='ltr'><strong>III.</strong></span> <span class='ocrx_word' id='word_1_373' title='bbox 697 2380 722 2402; x_wconf 92' lang='lat' dir='ltr'>c.</span> <span class='ocrx_word' id='word_1_374' title='bbox 750 2381 794 2410; x_wconf 78' lang='grc' dir='ltr'>ις.</span> 
     </span>
     <span class='ocr_line' id='line_1_38' title="bbox 146 2403 1232 2451; baseline 0.013 -17"><span class='ocrx_word' id='word_1_375' title='bbox 146 2406 227 2443; x_wconf 79' lang='grc' dir='ltr'>(ιι)</span> <span class='ocrx_word' id='word_1_376' title='bbox 253 2407 297 2435; x_wconf 87' lang='lat' dir='ltr'>De</span> <span class='ocrx_word' id='word_1_377' title='bbox 313 2403 490 2445; x_wconf 60' lang='lat' dir='ltr'>fhlzr.?corp.</span> <span class='ocrx_word' id='word_1_378' title='bbox 513 2408 592 2439; x_wconf 85' lang='lat' dir='ltr'>hum.</span> <span class='ocrx_word' id='word_1_379' title='bbox 618 2419 645 2448; x_wconf 86' lang='lat' dir='ltr'>p.</span> <span class='ocrx_word' id='word_1_380' title='bbox 671 2419 740 2451; x_wconf 86' lang='lat'>747.</span> <span class='ocrx_word' id='word_1_381' title='bbox 1203 2403 1232 2431; x_wconf 58' lang='grc' dir='ltr'><strong><em>ο</em></strong></span> 
     </span>
    </p>
   </div>
   <div class='ocr_carea' id='block_1_6' title="bbox 189 2455 1331 2509">
    <p class='ocr_par' dir='ltr' id='par_1_7' title="bbox 189 2455 1331 2509">
     <span class='ocr_line' id='line_1_39' title="bbox 189 2455 1331 2509; baseline 0.011 -16"><span class='ocrx_word' id='word_1_382' title='bbox 189 2455 317 2495; x_wconf 84' lang='lat' dir='ltr'>Haller</span> <span class='ocrx_word' id='word_1_383' title='bbox 332 2456 519 2509; x_wconf 79' lang='lat' dir='ltr'>Phyfiolog.</span> <span class='ocrx_word' id='word_1_384' title='bbox 553 2459 662 2500; x_wconf 86' lang='lat' dir='ltr'>Tom.</span> <span class='ocrx_word' id='word_1_385' title='bbox 697 2462 721 2502; x_wconf 68' lang='lat' dir='ltr'>I,</span> <span class='ocrx_word' id='word_1_386' title='bbox 1271 2467 1297 2506; x_wconf 88' lang='lat' dir='ltr'>F</span> <span class='ocrx_word' id='word_1_387' title='bbox 1312 2469 1331 2505; x_wconf 91' lang='lat' dir='ltr'>f</span> 
     </span>
    </p>
   </div>
  </div>
 </body>
</html>
