2003 2748
352 142 1304 186 'SECDLVELAMENTA
1547 144 1707 203 mr,

43 244 191 295 Exiguae
206 272 216 288 ,
239 243 283 282 de
293 250 403 293 gente
422 243 639 294 simplicium
658 241 909 292 glandularum
925 271 934 285 ‚
954 244 1052 291 poris
1078 240 1146 279 suis
1161 242 1198 278 in
1212 239 1401 291 pericardii
1413 250 1555 277 caveam
1570 251 1630 290 pa-

41 312 118 343 tere
144 305 314 342 dicuntur
328 332 337 346 ,
370 316 415 341 ex
437 305 567 353 quibus
590 302 736 341 succum
758 303 947 344 emittant,
990 302 1053 350 qui
1074 312 1137 337 cor
1159 301 1279 338 adluit.

103 364 245 412 Magno
274 363 349 400 haec
377 363 498 413 plausu
515 391 524 404 ‚
558 370 599 399 ut
621 362 744 398 onmia
768 360 841 397 fere
867 361 943 397 MA
959 373 978 396 L
992 371 1136 396 PIGHI
1153 371 1210 395 AN
1226 372 1248 396 A
1265 389 1274 403 ‚
1313 360 1347 396 ὃς
1365 363 1453 397 tunc
1471 387 1481 402 ‚
1516 371 1630 409 quan-

43 423 94 461 do
122 436 217 460 nova
238 429 336 459 erant
356 422 407 470 (c
421 423 437 467 )
452 450 460 464 ‚
497 421 534 458 &
554 432 669 469 nuper
689 419 769 466 (d)
795 427 940 468 accepta
963 419 1051 456 sunt.
1091 418 1242 455 Accedit
1262 421 1369 456 etiam
1390 418 1442 455 Cl.
1470 417 1529 455 Pu
1543 431 1567 455 T
1581 431 1599 455 E
1614 431 1627 456 1

44 485 121 532 (e)
153 482 338 520 auctoritas
358 509 367 522 ‚
408 482 471 529 qui
495 481 533 516 in
564 479 684 516 vitulis
708 478 835 515 solidas
853 507 861 521 ‚
899 479 993 515 albas
1010 507 1019 520 ‚
1055 478 1250 514 racemosas
1285 477 1471 526 glandulas
1488 507 1497 520 ,
1534 480 1629 515 inter

44 542 131 579 duas
153 540 338 590 pericardii
356 538 502 575 laminas
518 539 608 587 poni
622 536 762 586 scripsit.
797 537 978 575 Veficulas
994 536 1187 585 pellucidas
1205 540 1296 574 inter
1311 536 1498 586 pericardii
1514 549 1630 573 mem-

43 602 170 638 branas
199 610 313 647 nuper
332 599 442 635 etiam
466 596 533 634 Vir
556 597 606 634 Ill.
637 596 808 646 poposuit
836 595 925 645 (f).
961 596 1074 634 Poros
1106 595 1269 645 plerique
1289 598 1374 644 (g)
1407 595 1629 632 profectores

42 662 289 698 retinuerunt,
325 658 385 705 qui
411 655 558 706 expreffi
584 656 751 705 aquulam
776 655 961 693 destillent.
998 654 1183 701 Ejusmodi
1209 667 1320 704 poros
1346 655 1541 691 humorem
1565 666 1629 691 ex-

41 717 205 755 sudantes
227 718 263 753 in
285 715 423 754 bubulo
449 715 536 763 (h)
568 715 768 765 pericardio
787 744 796 758 ,
836 716 872 752 δε
897 717 935 752 in
962 715 1193 763 elephantino
1221 717 1232 755 (
1254 717 1297 764 i)
1328 716 1478 751 demum
1498 713 1551 751 Cl.
1575 715 1628 751 vi-

40 778 72 814 ri
93 777 320 825 repetierunt.

103 835 261 873 Fuerunt
278 834 435 883 denique
451 862 461 876 ,
499 836 561 883 qui
580 835 616 870 in
639 833 714 882 ipso
732 833 842 870 corde
866 833 1053 881 glandulas
1073 833 1290 871 admiserunt
1307 833 1407 881 (k),
1439 845 1518 881 quae
1533 832 1626 881 pres-

42 894 85 932 sae
103 895 282 943 liquorem
309 893 497 942 pericardii
519 893 754 942 suppeditent.
1541 907 1544 911 ⁴
1574 890 1578 894 ⁴

56 959 59 962 ’
102 952 181 1001 Ego
202 965 289 990 vero
315 965 359 990 eo
382 952 518 990 facilius
544 964 661 988 meam
691 953 933 999 ignorantiam
961 951 1170 999 adgnosco,
1209 963 1291 988 cum
1322 962 1399 988 non
1426 951 1626 989 adversario

41 1014 150 1050 unice
171 1011 214 1049 M
228 1025 248 1048 A
263 1024 282 1048 L
297 1023 441 1048 P1GH1
459 1023 470 1047 1
497 1011 599 1058 (l),
632 1011 691 1047 sed
711 1011 902 1047 illustribus
915 1011 1022 1047 etiam
1046 1012 1258 1048 anatomicis
1287 1011 1305 1057 (
1323 1022 1357 1046 m
1374 1010 1409 1054 ),
1444 1023 1522 1048 non
1550 1011 1627 1048 feli-

43 1073 120 1109 cior
145 1071 284 1108 solertia
308 1071 423 1107 fuerit.
459 1069 604 1118 Nempe
636 1082 706 1117 ego
738 1069 885 1118 quidem
915 1069 1005 1105 nihil
1032 1082 1194 1118 unquam
1222 1077 1281 1106 aut
1306 1069 1484 1115 glandula?
1514 1070 1626 1107 simile

42 1131 80 1166 in
105 1130 304 1178 pericardio
326 1129 426 1170 vidi,
463 1136 523 1166 aut
547 1128 744 1177 conspicuo
761 1140 855 1176 poro
872 1156 880 1170 ‚
917 1128 962 1164 de
986 1140 1060 1177 quo
1084 1129 1208 1166 succus
1232 1129 1385 1176 exprimi
1402 1128 1514 1176 poffit.
1552 1129 1628 1174 Ne-

43 1199 114 1238 que
142 1197 263 1225 tamen
280 1189 386 1225 unice
410 1187 452 1223 ab
482 1187 547 1224 hac
575 1199 654 1223 mea
676 1189 794 1224 minus
821 1187 915 1223 felici
936 1187 1106 1224 industria
1126 1200 1185 1224 me
1204 1189 1374 1224 convinci
1397 1187 1510 1235 passus
1534 1187 1621 1225 sum.

41 1247 138 1284 Nam
158 1247 363 1296 &liquoris
384 1245 574 1283 Pericardii
602 1245 833 1294 coagulabilis
866 1254 989 1283 natura
1022 1259 1080 1282 me
1106 1248 1311 1284 commovit
1334 1274 1343 1288 ‚
1381 1246 1501 1294 quales
1533 1247 1626 1296 lym-

40 1305 121 1358 phae
158 1305 269 1354 longe
296 1305 510 1354 plerumque
535 1305 666 1354 absque
692 1296 898 1354 cryptarum
922 1305 1134 1353 ambagibus
1161 1318 1179 1342 a
1211 1315 1333 1343 natura
1357 1310 1547 1361 parantur}
1586 1306 1625 1342 δι’

43 1365 200 1414 denique
222 1366 512 1414 experimentum
539 1364 766 1401 confirmavit
786 1393 795 1406 ‚
838 1376 913 1413 quo
932 1364 1167 1402 secretionem
1187 1365 1282 1402 succi
1307 1365 1409 1401 cordi
1431 1364 1626 1402 circumfu-

41 1423 68 1461 fi
90 1424 258 1461 facillime
286 1425 419 1460 imitor.
457 1423 492 1460 Si
513 1425 610 1460 enim
631 1424 751 1472 liquor
776 1423 1019 1471 pericardiaco
1048 1423 1247 1461 simillimus
1276 1435 1321 1461 ex
1350 1426 1483 1460 arteriis
1509 1423 1589 1472 ipsis
1606 1452 1616 1466 ‚

42 1495 121 1520 non
137 1483 207 1519 alio
220 1495 360 1531 organo
374 1482 515 1524 medio,
548 1482 714 1523 exsudat,
743 1484 896 1519 omnino
917 1483 1127 1531 imprudens
1150 1483 1291 1520 videtur
1318 1483 1522 1524 curiositas,
1553 1495 1623 1531 qua

42 1542 101 1579 alii
130 1553 174 1578 ex
203 1542 407 1588 conjec‘tura
430 1540 549 1578 fontes
571 1548 782 1590 repetuntur
797 1570 806 1584 ,
846 1553 1005 1590 quorum
1033 1543 1071 1578 in
1091 1543 1152 1580 ista
1172 1541 1302 1579 fabrica
1328 1542 1516 1590 pericardii
1534 1540 1623 1578 nihil

41 1600 155 1637 fimile
184 1602 367 1649 reperitur.

42 1665 47 1669 '
101 1652 202 1708 Ergo*
225 1659 250 1696 fi
275 1661 348 1697 vivi
374 1658 534 1696 animalis
555 1672 620 1697 cor
644 1659 844 1709 pericardio
862 1660 1050 1698 nudaveris
1066 1689 1075 1703 ,
1110 1661 1253 1710 adparet
1277 1664 1431 1701 omnino
1453 1665 1487 1699 &
1502 1674 1547 1700 ex
1567 1669 1624 1699 to-

38 1723 82 1767 xo
112 1719 247 1762 corde,
288 1719 324 1757 δι
348 1730 393 1756 ex
420 1719 620 1769 pericardio
644 1719 787 1759 fumum
817 1720 1003 1763 exhalare,
1041 1721 1184 1770 qualem
1214 1723 1321 1759 etiam
1348 1723 1464 1760 calens
1488 1723 1622 1771 perito-=

1471 1793 1592 1819 naeum
1608 1809 1618 1823 ,

84 1844 130 1880 (c
150 1845 163 1881 >
187 1843 221 1874 A.
247 1845 272 1881 J.
299 1844 331 1875 G.
363 1845 572 1875 BERGan
599 1845 631 1873 de
664 1849 762 1873 natur.
790 1844 867 1873 hum.
894 1855 919 1882 p.
949 1850 994 1878 28.
1024 1844 1050 1879 J.
1078 1842 1121 1875 M.
1147 1844 1405 1875 HorMANNo
1432 1846 1460 1874 in
1491 1845 1555 1884 disp.
1589 1845 1623 1874 de

37 1887 215 1924 pericardio‚
247 1886 347 1915 Alexio
374 1887 394 1916 L
410 1896 511 1915 1T‘rr.
528 1897 544 1915 ε
576 1887 712 1917 Memoir.
740 1887 773 1914 a'e
798 1885 902 1914 l’Acad
939 1887 1010 1923 Roy.
1029 1887 1075 1914 des
1093 1886 1196 1915 Scienc.
1225 1895 1312 1923 1701.
1334 1896 1363 1924 p.
1386 1895 1434 1925 54.
1459 1885 1494 1917 G.
1519 1886 1623 1915 Cow·

43 1934 60 1954 Ρ
75 1936 91 1955 ε
105 1936 122 1955 R
144 1926 179 1955 ad
204 1926 223 1955 B
238 1937 245 1954 ι
260 1936 278 1954 D
292 1937 308 1954 L
320 1937 337 1955 o
349 1937 360 1955 r
384 1927 420 1956 T.
443 1927 527 1956 XXI.
552 1927 580 1955 in
603 1926 738 1955 morbosis
758 1926 935 1962 corporibus.

85 1965 97 2001 (
115 1966 162 2002 d)
185 1967 201 1993 S
213 1975 231 1994 c
244 1976 264 1994 H
280 1977 300 1995 M
313 1977 321 1994 ι
333 1976 349 1995 E
364 1977 409 1995 DE
426 1978 442 1995 L
468 1968 498 1996 in
518 1966 577 1996 diff.
602 1967 635 1995 de
656 1967 772 1996 exulcer.
793 1967 933 2003 pericard.

84 2006 130 2041 (e
150 2007 162 2041 )
185 2007 202 2034 l.
228 2015 251 2035 c.
281 2016 308 2044 p.
339 2011 383 2040 68.
412 2010 457 2042 69.

83 2045 159 2083 (f)
184 2046 329 2076 SENAc
355 2047 386 2076 T.
408 2046 429 2077 l.
461 2057 489 2085 p.
522 2057 564 2084 19.

85 2087 157 2124 (g)
180 2087 202 2121 J.
228 2090 303 2115 Conr
340 2087 356 2116 P
370 2097 386 2116 E
403 2098 424 2116 Y
440 2098 456 2117 E
474 2099 489 2115 n
509 2096 620 2124 pareres.
639 2093 717 2117 anat.
741 2086 791 2117 111.
817 2098 843 2125 p.
862 2097 920 2127 153.
947 2088 972 2124 J.
993 2091 1157 2120 Dominicm
1176 2089 1194 2119 S
1208 2099 1227 2118 A
1241 2099 1326 2118 NTO
1344 2099 1356 2118 R
1377 2099 1421 2119 ῐΝ
1436 2100 1478 2120 us
1505 2093 1623 2128 121424

42 2129 210 2164 Raymund.
230 2127 274 2156 V1
293 2138 309 2156 E
324 2137 369 2157 Us
384 2138 477 2158 snus
499 2130 538 2157 du
563 2139 636 2158 coeur
655 2138 682 2166 p.
716 2137 761 2163 14.
784 2136 822 2159 tr.
843 2130 889 2158 des
919 2131 1046 2168 liqueurs
1073 2141 1098 2168 p.
1135 2140 1198 2168 ¹75·
1232 2130 1311 2159 ldem
1336 2131 1421 2160 etiam
1448 2131 1549 2162 dus'tus
1574 2140 1622 2163 ex-

40 2169 176 2199 cretorios
201 2168 293 2197 habet.

85 2209 159 2246 (h)
184 2209 235 2239 Fa
250 2219 271 2238 N
285 2219 334 2239 To
351 2219 372 2238 N
398 2210 417 2241 l.
438 2220 461 2240 c.
483 2220 508 2247 p.
536 2215 602 2245 2534.
633 2211 662 2240 &
682 2211 832 2239 animadv.
856 2212 895 2240 ad
917 2212 1106 2240 Pacchionum
1134 2221 1160 2248 p.
1190 2222 1255 2248 τοο.

85 2249 98 2285 (
119 2251 130 2278 i
150 2250 163 2286 )
188 2244 234 2279 ΡΑ
249 2260 264 2279 R
280 2261 288 2278 1
306 2260 317 2280 s
333 2261 340 2279 ι
358 2260 377 2279 N
395 2262 404 2279 1
431 2252 458 2280 in
483 2253 607 2280 memoir.
631 2259 705 2287 pour
720 2249 815 2289 firvir
834 2249 852 2280 ὰ
878 2252 1005 2289 ΙἸ)ξ1ἳοι’νε
1030 2257 1076 2281 des
1098 2254 1244 2281 animnnx.

43 2330 59 2360 τ’
72 2290 98 2361 1(
116 2291 163 2359 ξ)
187 2292 258 2321 Luat.
287 2292 368 2320 Ferd.
396 2292 457 2322 MA
472 2302 491 2321 R
505 2301 517 2321 s
533 2302 572 2322 ιε
585 2303 601 2321 ι,
617 2302 627 2321 1
650 2292 680 2321 in
702 2290 815 2332 hnfhnir
836 2300 968 2322 anatome
986 2316 993 2330 ‚
1026 2304 1088 2331 quae
1119 2293 1207 2324 exstat
1229 2294 1259 2323 in
1285 2296 1372 2331 operis
1395 2295 1565 2324 Βαιῑιιῢὶαηί
1584 2293 1618 2324 T.

60 2331 91 2360 ''.
144 2353 149 2359 .
179 2335 220 2361 16.
315 2341 317 2344 ⁴

85 2371 98 2406 (
121 2372 131 2399 l
151 2372 163 2407 )
186 2371 354 2409 Hieronymo
385 2374 402 2404 S
416 2384 430 2403 ε
445 2384 462 2402 Δ
476 2383 491 2402 R
506 2383 556 2402 AG
570 2384 609 2402 LI
642 2375 723 2411 Vigil.
748 2381 834 2404 ment.
854 2374 892 2411 ’ἐξ
916 2376 987 2405 ocn'.
1017 2385 1042 2412 p.
1070 2383 1118 2413 42.
1146 2375 1301 2406 Folliculos
1329 2377 1429 2413 rejicit.

85 2412 160 2448 (m)
183 2412 198 2448 J
228 2415 344 2442 Domin.
376 2413 393 2442 S
406 2425 452 2443 AN
465 2424 486 2442 τ
500 2424 519 2443 o
532 2424 548 2442 R
564 2425 573 2443 1
589 2424 631 2443 Nl
657 2413 710 2453 obs
731 2421 811 2446 anat,
840 2426 867 2454 p.
897 2426 961 2455 1-42.
981 2417 1090 2455 Rejicit
1113 2417 1200 2448 etiam
1218 2418 1369 2456 pericardi‘i
1393 2416 1542 2456 glandulas
1559 2417 1624 2449 Fri.

45 2453 152 2482 deria-us
178 2452 267 2484 RuY
282 2463 324 2484 sc
338 2464 360 2484 a
383 2452 488 2493 adverfi
513 2461 591 2486 nnnc.
619 2454 641 2485 I.
666 2465 695 2494 p.
721 2465 767 2494 13.
1469 2474 1472 2477 ·
1568 2470 1574 2476 ’
