2003 2748
753 109 1121 148 INDEX.

136 203 186 234 ²5·
210 197 300 231 Nervi
324 196 419 228 cordis
852 204 909 234 357

209 239 310 270 Nostra
328 239 441 268 historia
851 244 908 276 358

206 282 321 311 Nervus
338 280 431 310 cordis
447 277 629 318 superficialis
837 279 907 309 ibid.

209 322 299 352 Nervi
322 331 336 351 a
354 320 467 359 ganglio
497 320 630 351 cervicali
659 317 755 349 medio
849 328 906 358 359

205 362 310 393 Plexus
333 371 452 400 magnus
475 362 569 391 cordis
849 364 907 399 360

210 403 352 441 G.=nglion
379 403 517 433 cervicale
543 402 674 432 infimum
835 403 908 433 ibid.

208 445 299 475 Nervi
318 444 414 473 sinistri
849 447 903 481 361

208 486 280 515 Tres
294 486 442 524 praecipuae
455 494 608 516 nervorum
622 485 715 516 cordis
728 484 824 516 classes
849 488 906 522 362

132 529 181 556 26.
205 526 295 557 Nervi
319 527 411 556 cordis
438 526 482 556 W
494 538 504 556 1
519 537 535 555 ι.
549 537 565 555 ι,
579 536 612 556 rs
624 537 633 555 1
650 537 670 556 Λ
681 536 701 557 Ν
715 538 724 556 ι
738 548 746 563 ,
784 536 819 557 ex
846 525 907 556 bes-

254 569 299 598 tiis
321 566 405 598 sumti
833 568 903 597 ibid.

205 609 648 640 Nervivffussssmitm
848 608 901 646 363

132 649 592 688 27.NerviLANcismu1
741 654 820 689 363,
849 654 905 687 364

204 692 549 722 Wiusuowrnui
847 695 903 728 36⁴

204 733 558 762 XVALTHRRxANt
831 734 899 762 ibid.

131 779 177 807 28.
202 772 361 808 Descriptio
379 772 403 809 J.
429 772 458 802 B.
483 773 500 801 S
516 782 529 801 ε
545 782 566 803 N
579 783 599 802 Λ
615 783 633 803 c
848 778 901 810 ³⁶5

200 816 278 845 Petri
296 814 321 844 T
335 825 351 842 Α
366 824 382 843 n
397 824 405 842 ι
420 823 439 842 N
831 817 900 845 ibid.

202 859 262 885 Cas.
283 854 431 892 Chrilioph.
451 854 468 885 S
482 864 499 884 e
512 865 533 885 Η
549 866 571 885 Μ
585 866 595 884 1
608 862 626 886 κ
640 866 658 884 1>
669 865 684 885 n
696 866 713 885 r,
725 866 735 885 1
749 866 760 885 ι
845 861 900 891 366

127 904 177 933 29.
200 896 289 927 Nervi
315 895 396 926 nobis
414 896 505 934 ignoti
830 899 899 928 ibid.

130 946 175 973 30.
202 939 317 968 Arteriae
335 939 491 968 coronariae
731 941 797 977 367.
818 938 897 978 fiqq.

127 1235 173 1264 3¹·

127 1359 175 1388 32.

126 1521 171 1552 33·

122 1728 169 1757 34·

118 1970 168 2003 35-

122 2257 158 2288 37

202 979 307 1009 Earum
321 980 411 1017 origo.
431 979 475 1009 Est
493 979 574 1018 supra
589 980 716 1011 valvulas
742 984 798 1019 367
811 1004 818 1017 ,
843 985 898 1018 368

201 1020 289 1051 Causa
312 1021 424 1051 erroris.
450 1021 507 1051 Cur
525 1021 607 1051 multi
632 1021 825 1059 crediderint,
852 1032 900 1052 cor

250 1063 278 1091 in
306 1062 405 1101 systole
419 1061 464 1092 sua
479 1062 669 1101 expallescere
843 1068 899 1102 369

202 1103 252 1133 Uti
273 1102 450 1140 expalleseat.
487 1104 555 1133 Non
581 1114 616 1133 ex
648 1114 753 1141 carne,
795 1104 840 1135 sed
864 1114 899 1134 ex

250 1154 336 1174 cavea
358 1144 476 1182 expulso
499 1144 634 1182 sanguine
828 1147 897 1176 ibid.

203 1185 358 1215 Pz-:Tniom
380 1185 523 1215 distinctio
738 1190 813 1225 369,
842 1197 898 1226 370

198 1224 318 1256 Arteriae
344 1227 497 1256 coronariae
522 1226 631 1265 semper
654 1228 718 1258 duae
737 1228 799 1259 sunt
843 1239 899 1266 370

199 1266 329 1298 valvulas
349 1277 407 1296 non
423 1267 531 1297 habent
843 1280 896 1308 37:

192 1318 286 1347 neque
295 1308 489 1339 membranam
498 1309 662 1340 interiorem
671 1311 819 1350 pulposam
828 1313 895 1343 ibid.

200 1351 309 1380 Arteria
323 1350 470 1380 coronaria
479 1350 578 1381 dextra
595 1351 654 1382 slve
673 1353 789 1384 inferior
817 1363 870 1391 371
888 1377 896 1390 ‚

740 1404 806 1432 372·
840 1404 895 1433 373

197 1431 284 1463 Nulla
303 1431 342 1463 est
366 1433 485 1470 alicujus
513 1436 652 1465 momenti
675 1435 806 1466 arteriosa
829 1446 890 1465 cor-

248 1474 290 1504 dis
318 1483 425 1504 corona
838 1486 892 1515 373

196 1513 308 1545 Arteria
326 1516 473 1546 coronaria
487 1516 591 1548 sinistra
605 1517 661 1549 sive
674 1517 799 1557 superior
815 1528 868 1557 373
885 1536 895 1550 ⁷

193 1597 262 1635 Ejus
285 1599 354 1629 rami
379 1599 530 1639 principes.
555 1600 686 1631 Anterior
839 1611 898 1640 374

196 1639 405 1672 Circumflexus
824 1643 895 1675 ibid.

194 1679 354 1712 Profundus
840 1694 893 1721 375

193 1720 337 1753 Venarum
357 1730 411 1753 tres
433 1724 538 1756 classes.
563 1726 691 1763 Maiores
824 1727 893 1756 ibid.

195 1761 348 1794 coronaria
372 1776 445 1796 vena
839 1770 897 1805 376

193 1802 261 1839 Ejus
285 1804 386 1834 ostium
404 1804 431 1833 in
452 1808 579 1837 auricula
603 1808 703 1838 dextra
824 1808 894 1838 ibid.

196 1843 223 1872 ἃ
251 1843 371 1872 valvulae
388 1845 416 1872 in
442 1853 476 1873 eo
503 1848 573 1874 ostiu
824 1849 892 1876 ibid.

188 1881 318 1911 Valvulae
344 1884 376 1911 iis
400 1884 481 1912 venis
507 1884 593 1914 nullae
618 1883 682 1915 sunt
837 1896 895 1924 377

193 1922 278 1952 Rami
304 1933 382 1952 venae
409 1925 561 1953 coronariae
824 1928 894 1956 ibid.

192 1963 272 1993 Vena
296 1964 389 1993 cordis
409 1964 503 1994 media
838 1968 894 2005 378

196 2005 274 2035 Vena
293 2005 367 2035 sinus
383 2006 477 2036 dtxtri
824 2009 895 2040 ibid.

197 2044 285 2076 Venae
304 2047 488 2077 innominatae
824 2050 893 2080 ibid.

194 2086 281 2117 Vena
308 2088 423 2117 interior
446 2089 468 2118 G
483 2097 500 2117 Λ
515 2099 530 2116 L
543 2100 560 2118 E
573 2099 592 2117 N
605 2100 616 2118 ι
837 2100 894 2128 379

203 2128 290 2158 Venae
314 2129 407 2158 cordis
437 2129 594 2159 mediocres
823 2132 891 2163 ibid.

190 2169 278 2199 Venae
305 2178 412 2200 vortam
435 2170 604 2201 ambeumes
838 2179 895 2208 380

194 2211 263 2240 miae
288 2212 347 2247 ejus
372 2212 481 2249 generis
763 2235 766 2238 .
824 2215 893 2244 ibid.

163 2274 168 2280 .
194 2252 281 2281 Venae
303 2253 396 2282 cordis
420 2254 544 2284 minima:
823 2256 892 2286 ibid.

193 2294 238 2322 An
258 2303 286 2322 in
302 2303 417 2324 caveam
441 2295 534 2325 cordis
556 2301 660 2334 apertae
679 2301 797 2335 pateant
827 2303 892 2334 381.

227 2375 232 2381 ¹
731 2339 809 2376 382,
839 2344 893 2375 381

196 2374 340 2405 Videntur
359 2384 457 2415 patere
495 2404 497 2406 .
839 2385 893 2417 38³

198 2415 268 2445 Non
287 2418 423 2451 emittunt
437 2420 602 2459 sanguinem
625 2421 818 2459 peculiarem,
848 2421 896 2458 qui

964 242 1011 276 33·

962 328 1007 357 39-

954 741 984 857 -÷=:*-

954 991 980 1051 9?

952 1191 980 1298 ῌῸςο

953 1611 998 1632 11.

953 1694 1000 1714 12.

953 1735 998 1764 13.

949 2059 996 2089 14.

951 2222 995 2252 ¹5-

952 2297 997 2329 16.

1673 120 1740 157 5¹5

1089 205 1170 226 venae
1193 204 1269 226 cavae
1294 203 1426 227 eruorem
1448 194 1575 234 perficiat
1680 202 1739 236 334

1037 236 1078 266 An
1104 238 1133 266 in
1159 237 1246 267 corde
1268 237 1410 275 glandulae
1424 237 1601 276 reperiantur
1665 237 1734 268 ibid.

1034 276 1068 306 ln
1093 277 1216 317 piscibus
1242 279 1356 309 vid-:tur
1663 278 1735 307 ibid.

1034 318 1103 350 Vasa
1122 319 1296 359 lymphitica
1323 321 1416 351 cordis
1679 324 1733 356 385

1168 402 1186 432 S
1208 402 1230 433 E
1255 402 1277 433 C
1299 402 1325 432 T
1348 402 1360 433 Ι
1384 403 1410 433 O
1453 403 1467 433 I
1487 404 1521 434 V.

1084 485 1317 516 MOTUS'
1360 486 1611 516 CORDIS.

1031 566 1141 605 Systole
1168 567 1248 597 cordi
1266 577 1324 597 non
1351 567 1488 598 naturalis
1514 567 1553 597 est
1676 570 1737 606 ςξςς4

1031 618 1124 645 neque
1148 608 1248 646 sponte
1274 609 1408 639 dilatatur
1676 612 1735 646 386

1031 650 1074 678 An
1095 649 1212 679 diastole
1238 660 1253 679 a
1272 649 1349 680 fibris
1376 650 1458 680 rec‘tis
1483 649 1532 680 fiat
1675 656 1733 688 387

1032 691 1097 720 Non
1123 690 1235 720 videtur
1567 696 1642 727 387,
1675 697 1733 725 ²8ss

1029 731 1219 761 Phaenomena
1241 731 1356 770 systoles
1564 738 1638 770 389,
1675 742 1734 768 390

1029 772 1158 802 Omnino
1180 782 1228 802 cor
1245 774 1273 802 in
1288 773 1388 812 systole
1400 773 1446 804 sua
1459 773 1574 804 brevius
1589 773 1621 802 fit
1675 782 1732 811 390

1030 814 1176 844 Contraria
1194 822 1362 852 argumenta
1577 823 1652 851 390,
1674 823 1729 851 391

1028 854 1142 893 Quibus
1172 856 1360 894 respondetur
1559 865 1613 892 39¹
1633 877 1641 890 ‚
1674 864 1737 892 392

1028 896 1112 926 Unde
1133 898 1397 935 experimentorum
1420 895 1463 929 cl.
1478 897 1537 934 Qu
1549 906 1564 926 Ε
1577 907 1597 926 Y
1610 907 1627 925 r,
1644 906 1733 926 even-

1079 944 1124 968 tus
1574 947 1628 976 392
1642 955 1651 970 ²
1673 947 1727 975 393

1027 979 1128 1010 Cordis
1153 979 1247 1017 pulsus
1265 979 1380 1018 ejusque
1400 979 1589 1018 phaenomena
1673 988 1726 1017 393

1027 1022 1054 1051 &
1080 1021 1272 1051 auricularum
1568 1030 1647 1058 394,
1672 1029 1728 1057 395

1027 1062 1083 1092 Cor
1109 1063 1137 1091 in
1162 1061 1264 1100 systole
1291 1069 1445 1093 evacuatur
1673 1072 1728 1101 395

1027 1113 1085 1133 non
1109 1104 1138 1132 in
1164 1103 1281 1133 diastole
1565 1113 1619 1140 395
1636 1126 1644 1139 ,
1671 1103 1731 1140 396

1030 1146 1072 1175 An
1086 1154 1201 1174 omnem
1214 1144 1378 1182 sanguinem
1391 1145 1525 1183 expellat.
1539 1145 1657 1175 Videtur
1671 1155 1728 1183 397

1025 1185 1215 1216 Pbaenomena
1245 1186 1375 1216 diastoles
1671 1193 1730 1225 398

1027 1227 1123 1258 Pulsus
1150 1237 1229 1256 venae
1250 1236 1327 1257 cavae
1672 1237 1728 1267 399

1029 1269 1124 1306 Quem
1141 1268 1263 1306 sequitur
1280 1269 1412 1299 auriculae
1427 1269 1534 1300 dextrae
1550 1270 1644 1308 pullus
1667 1278 1730 1307 400

1029 1310 1182 1347 Sanguinis
1211 1319 1246 1340 ex
1273 1310 1399 1341 auricula
1424 1312 1550 1342 refluxus
1577 1313 1606 1341 in
1625 1320 1729 1342 venam

1077 1361 1176 1381 cavam
1668 1362 1728 1388 401

1024 1394 1093 1431 Ejus
1114 1392 1220 1423 utilitas
1552 1402 1608 1432 401
1626 1417 1634 1429 ‚
1668 1402 1731 1430 402

1025 1445 1092 1466 curn
1119 1435 1228 1472 sanguis
1252 1434 1280 1463 in
1306 1443 1368 1464 eam
1402 1434 1559 1465 auriculam
1589 1434 1729 1466 collectus

1076 1482 1199 1507 mortem
1224 1475 1329 1506 inferre
1352 1475 1437 1514 possit
1667 1485 1730 1512 402

1028 1518 1086 1549 Iter
1103 1518 1263 1555 legitimum
1286 1516 1428 1555 sanguinis
1455 1517 1484 1546 in
1501 1516 1635 1547 dextrum
1659 1526 1728 1547 ven-

1080 1559 1215 1589 triculum
1552 1567 1633 1596 402,
1666 1566 1725 1596 403

1024 1601 1133 1632 Arteria
1151 1600 1323 1639 pulmonalis
1348 1600 1490 1631 clauditur
1506 1610 1522 1630 a
1544 1599 1657 1630 vulvula
1679 1609 1730 1630 ve-

1079 1642 1146 1672 nosa
1171 1643 1295 1672 maxima
1666 1650 1725 1678 403

1025 1685 1145 1723 Sanguis
1166 1684 1285 1713 venitin
1305 1684 1496 1714 venrriculum
1510 1684 1643 1714 dextrum
1665 1689 1727 1721 404
1783 1684 1789 1689 ‘

1023 1724 1093 1756 Inde
1111 1726 1140 1754 in
1159 1726 1289 1755 arteriam
1312 1726 1414 1755 dextro
1431 1725 1508 1755 cordi
1527 1723 1702 1754 commissam
1714 1744 1722 1758 ,

1079 1766 1312 1804 permittentibus
1338 1765 1459 1795 valvulis
1667 1769 1729 1800 405

1024 1807 1131 1844 aliquid
1156 1812 1253 1837 tamen
1278 1807 1306 1833 in
1332 1802 1488 1834 auriculam
1503 1806 1633 1834 dextram
1655 1805 1729 1834 redii:

1560 1856 1615 1879 403
1633 1862 1641 1876 ³
1669 1847 1731 1880 406

1026 1885 1231 1924 Experimenta
1258 1895 1320 1923 quae
1349 1884 1404 1913 hoc
1429 1882 1571 1922 sanguinis
1602 1887 1655 1916 iter
1680 1886 1730 1915 de-

1076 1926 1186 1956 clarant
1667 1937 1729 1965 407

1024 1967 1178 2005 Sanguinis
1204 1968 1341 1998 circuitus
1370 1966 1399 1996 in
1416 1966 1525 2004 frigidis
1556 1968 1726 1998 animalibus

1077 2008 1222 2039 absolutus
1253 2009 1292 2039 est
1549 2019 1631 2048 407,
1666 2016 1725 2045 408

1023 2049 1056 2080 In
1078 2050 1178 2080 calidis
1199 2060 1235 2080 ex
1262 2051 1362 2080 arteria
1386 2050 1529 2088 pulmonis
1553 2051 1664 2088 sanguis
1697 2052 1725 2081 6c

1072 2092 1102 2121 in
1126 2101 1214 2121 venas
1231 2091 1315 2125 huius
1338 2092 1448 2123 visceris
1461 2092 1541 2123 venit
1664 2098 1724 2128 408

1023 2132 1186 2162 Ostendunt
1208 2133 1321 2164 vincula
1663 2142 1726 2173 409

1019 2175 1046 2203 δέ
1070 2174 1163 2203 morbi
1654 2176 1723 2204 ibid.

1021 2214 1109 2245 Venae
1131 2214 1278 2253 pulmonis
1297 2216 1416 2254 perinde
1436 2216 1548 2255 pulsant
1561 2239 1568 2253 ,
1601 2221 1632 2246 ut
1650 2225 1726 2246 cavae

1079 2266 1159 2287 venae
1666 2265 1725 2294 410

1024 2296 1133 2328 Fluxus
1156 2299 1183 2328 Sc
1207 2298 1333 2329 refluxus
1355 2299 1498 2336 [inguinis
1518 2309 1552 2329 ex
1574 2299 1634 2328 finu
1654 2296 1727 2327 sinis<

1024 2346 1068 2369 tro
1094 2340 1123 2368 in
1153 2349 1253 2369 venam
1282 2341 1480 2378 pulmonalem
1655 2340 1725 2367 ibid.

1024 2390 1123 2411 verum
1149 2381 1215 2410 inde
1239 2381 1292 2411 iter
1317 2381 1460 2421 sanguinis
1478 2382 1508 2412 in
1534 2380 1726 2413 ventriculum

1061 2421 1201 2452 sinistrum
1555 2432 1633 2458 4¹0·
1667 2428 1725 2452 ,με

1141 2462 1167 2492 Τ
1187 2472 1197 2493 t
1214 2470 1225 2495 t
1267 2473 1287 2495 2
1588 2460 1725 2491 Demonsa
