2003 2748
306 180 401 217 ,115
588 224 600 239 ,
745 170 906 210 LIB.
970 169 1053 209 II.
1107 167 1349 217 *VASAJ

311 269 440 319 fugere
463 267 665 306 constanter
677 266 820 315 reperio
842 265 952 314 (νὴ,
982 273 1026 304 υτ
1047 266 1085 303 in
1109 278 1186 304 area
1211 265 1413 304 mesenterii
1427 294 1436 310 ‚
1470 277 1549 316 quae
1569 265 1666 305 nuda
1692 264 1907 310 videbatur?

302 322 354 366 v&
380 328 509 376 absque
537 325 709 368 vasculis,
745 324 986 376 microscopio
1014 324 1165 364 demum
1189 325 1353 364 adhibito
1377 325 1595 364 canaliculos
1630 326 1737 365 unius
1762 326 1906 376 globuli

315 387 492 424 diametro
527 384 732 434 conspicias.

375 436 489 482 Porro
511 444 690 494 pleraeque
713 446 839 493 certe(
855 449 928 492 0),
962 443 998 480 &
1018 455 1146 481 omnes
1169 443 1263 482 forte
1279 445 1580 484 inflammationes
1595 474 1604 489 ‚
1636 457 1714 483 non
1739 446 1814 493 ejus
1826 444 1906 482 sunt

314 505 477 552 generis,
514 515 666 552 quarum
692 504 851 552 inpastus
873 503 1014 551 sanguis
1031 505 1069 539 in
1088 505 1237 551 integris
1260 504 1346 542 vafis
1365 505 1481 542 haeret.
1519 505 1553 542 Si
1570 505 1744 543 ruborem
1767 502 1907 541 inflam-

315 565 403 600 mati
427 562 559 611 digiti,
594 570 655 600 aut
671 562 899 600 inflammatae
923 562 1140 599 membranae
1167 563 1359 612 inspexeris
1377 593 1386 606 ,
1425 576 1503 602 non
1523 566 1570 602 ita
1593 577 1631 601 ea
1657 576 1735 613 pars
1759 562 1907 600 vasculis

314 624 501 672 pingitur,
535 631 576 661 ut
592 621 700 671 spatia
719 621 889 659 decolora
906 622 1153 663 intercedant,
1191 624 1243 660 uti
1268 623 1417 672 quidem
1438 626 1476 660 in
1498 624 1608 661 oculo
1624 622 1672 660 fit.
1712 622 1830 660 Totus
1847 634 1908 660 ru-

314 676 378 718 bet
404 680 644 719 inflammatus
665 681 798 729 digitus
814 709 823 723 ,
857 688 955 718 totus
972 681 1078 718 rubet
1096 682 1250 720 circulus
1271 683 1379 720 ruber
1402 683 1657 720 morbillorum
1677 711 1686 724 ,
1723 688 1784 720 aut
1806 693 1909 718 areo-

313 740 348 777 la
366 739 514 789 pustulae
529 739 718 777 variolosae.
754 740 849 786 Quae
869 740 1059 777 ventriculi
1075 739 1375 778 inflammationes
1391 741 1560 779 dicuntur
1574 769 1583 784 ,
1613 741 1800 778 maniFesto
1817 740 1909 778 frunt

312 798 487 847 sanguine
503 800 541 836 in
564 798 770 836 cellulosam
790 800 1001 836 interiorem
1015 798 1137 837 effuso.
1175 798 1317 837 Verum
1340 812 1378 837 ea
1406 812 1452 837 ex
1476 801 1655 849 prioribus
1688 800 1802 849 repeti
1827 798 1908 848 pos-

313 857 396 896 sunt
413 886 422 901 ,
458 858 600 896 dudum
624 857 782 906 exposita
810 860 864 905 <q
880 866 903 906 ).
938 858 1043 896 Adde
1067 870 1165 896 nunc
1189 867 1339 897 eventus
1362 857 1657 897 inflammationis
1674 887 1682 901 ,
1716 858 1910 896 resorbtio-

315 929 402 954 nem
429 917 609 966 sanguinis
628 916 751 959 effusi,
785 924 846 954 aut
863 919 959 969 puris
980 919 1018 954 in
1041 917 1208 955 cellulosa
1235 919 1302 955 tela
1335 921 1633 967 generationem,
1664 926 1725 956 aut
1748 930 1910 967 gangrae-

315 988 400 1014 narn
416 1005 425 1019 ,
469 989 548 1025 quae
569 978 699 1026 pariter
718 988 737 1013 a
760 976 932 1025 languine
952 976 1011 1018 fit,
1043 978 1082 1014 in
1102 976 1207 1025 spatia
1235 977 1423 1015 cavernosa
1447 977 1558 1015 effuso
1572 1006 1582 1020 ‚
1622 984 1683 1015 aut
1706 977 1877 1014 scirrhum
1895 1006 1905 1020 ‚

315 1038 418 1082 cujus
448 1035 572 1073 succus
598 1047 675 1072 non
701 1036 739 1071 in
762 1035 910 1073 vasculis
927 1063 936 1076 ,
975 1035 1034 1072 sed
1064 1037 1100 1072 in
1127 1037 1300 1074 omnibus
1327 1035 1503 1073 cellulofis
1532 1036 1688 1085 spatiolis
1716 1037 1825 1085 partis
1855 1038 1910 1073 in-

314 1093 450 1131 duratae
479 1096 649 1142 cogitur,
691 1094 878 1143 probabile
911 1093 972 1130 fiet
1003 1095 1156 1143 utique,
1199 1094 1506 1133 inflammationes
1526 1125 1536 1139 ,
1577 1095 1760 1145 plerasque
1780 1101 1907 1139 certe,

314 1164 394 1190 non
419 1164 437 1190 a
466 1152 637 1201 sanguine
663 1154 701 1190 in
723 1152 808 1190 valis
837 1152 1001 1202 inpasto,
1039 1152 1099 1190 sed
1127 1155 1171 1191 ab
1199 1155 1331 1192 eodem
1353 1157 1389 1192 in
1407 1155 1672 1202 circumjediam
1701 1154 1910 1192 cellulosam

314 1211 425 1249 telam
438 1212 633 1250 exsudante
651 1211 736 1251 fieri.
770 1211 861 1250 Haec
883 1212 932 1249 est
946 1211 1135 1261 antiquiffi1
1196 1207 1491 1251 inflammationis
1509 1214 1668 1256 theoria,
1698 1224 1806 1261 quam
1823 1213 1857 1250 G
1870 1224 1911 1248 A-

309 1267 407 1307 lLEN
423 1282 472 1307 us
503 1273 519 1317 (
537 1272 589 1317 ν)
619 1270 830 1320 proposuit,
870 1271 906 1307 ὃς
932 1270 978 1307 ad
1003 1224 1253 1310 errormffioci
1271 1301 1279 1314 ‚
1315 1273 1466 1321 paulum
1489 1272 1589 1310 aliter
1609 1271 1757 1310 deflexis
1777 1270 1909 1320 Perga-

314 1330 415 1366 meni
439 1329 529 1366 senis
557 1331 673 1366 verbis
689 1357 698 1372 ,
717 1329 846 1368 retulit
876 1328 1055 1367 Gerardus
1077 1342 1107 1367 v.
1139 1330 1208 1368 Sw
1223 1343 1233 1367 1
1251 1343 1268 1367 ε
1283 1343 1338 1368 TE
1352 1344 1377 1368 N
1408 1333 1426 1379 <
1444 1342 1459 1368 s
1475 1331 1506 1380 ),

309 1391 314 1395 ”
374 1387 471 1426 Addi
492 1388 608 1437 potest
624 1416 634 1431 ‚
668 1395 709 1428 ut
735 1390 774 1425 in
801 1400 839 1425 re
858 1390 960 1436 gravi
987 1389 1023 1425 &
1049 1388 1135 1428 seria
1163 1389 1351 1438 paululum
1382 1392 1519 1428 morari
1539 1391 1672 1434 liceat,
1711 1389 1913 1429 inflamma?

314 1448 456 1486 tionem
473 1459 517 1484 eo
536 1446 674 1490 modo2
707 1459 819 1496 quem
837 1445 899 1485 VJ
913 1457 938 1485 R
962 1447 1053 1485 olim
1075 1447 1130 1485 Su
1145 1460 1278 1487 MMUS
1299 1448 1478 1498 descripsit
1491 1478 1501 1493 ,
1521 1451 1678 1488 omnino
1706 1462 1782 1487 non
1804 1450 1907 1487 nasci.

315 1505 525 1544 Obstrustio
557 1518 643 1544 curn
668 1506 816 1546 vinculo
841 1507 1016 1556 ‚proxime
1039 1509 1243 1551 convenit,
1274 1508 1377 1558 quod
1399 1508 1564 1548 humoris
1592 1521 1658 1559 ,per
1684 1508 1760 1546 vasa
1792 1509 1911 1546 nostra

313 1565 470 1603 liberum
491 1566 557 1602 iter
586 1566 778 1615 intercipit.
813 1564 858 1604 Et
885 1565 1075 1604 vinculum
1103 1579 1191 1604 vero
1212 1568 1249 1604 δε
1277 1567 1474 1606 obstructio
1496 1580 1688 1618 nunquam
1712 1568 1911 1606 inflamma-

314 1625 456 1661 tionem
480 1625 560 1661 ciet.
593 1622 639 1662 Et
667 1624 856 1665 vinculum
882 1624 1032 1674 quidem
1056 1626 1227 1673 injectum
1257 1628 1424 1664 maximis
1447 1629 1607 1670 arteriis,
1643 1627 1910 1665 umbilicalibus

314 1684 355 1720 in
377 1683 453 1721 fetu
484 1683 598 1721 modo
625 1690 711 1721 nato
732 1713 742 1727 ‚
778 1683 929 1721 carotidi
947 1711 957 1726 ‚
993 1683 1138 1734 aliisque
1159 1687 1301 1722 truncis
1327 1687 1365 1722 in
1387 1687 1476 1723 -vivo
1505 1685 1680 1729 animale,
1715 1686 1804 1723 nihil
1825 1697 1911 1735 pro-

318 1741 420 1779 ducit
448 1741 723 1779 inflammationi
746 1742 869 1780 simile.
897 1741 988 1782 ,Post
1009 1744 1147 1794 aliquot
1159 1743 1304 1793 pullus,
1341 1745 1585 1782 &tumorem
1612 1744 1731 1782 subito
1761 1751 1906 1787 natum,

314 1799 375 1837 sed
399 1812 527 1849 parum
547 1802 702 1838 omnino
724 1801 943 1841 crescentem
965 1801 1082 1851 (x),
1121 1802 1263 1851 sanguis
1290 1815 1310 1840 a
1332 1804 1481 1842 vinculo
1501 1803 1640 1842 aversus
1664 1805 1701 1841 in
1723 1804 1798 1841 vasa
1827 1805 1912 1842 vici-

316 1871 363 1897 na
391 1859 501 1896 libera
526 1859 560 1897 se
580 1861 734 1908 recipit,
763 1860 848 1909 ,plus
871 1860 995 1898 datura
1017 1861 1219 1909 sanguinis,
1251 1861 1276 1898 fi
1296 1861 1465 1899 incideris
1484 1863 1504 1909 (
1515 1875 1542 1908 y
1560 1861 1599 1911 ).‚
1636 1864 1825 1912 proprium
1851 1875 1911 1900 ve-

315 1919 360 1957 '10
386 1924 559 1956 truncum
588 1920 733 1956 inanem
750 1947 760 1962 ,
799 1919 836 1956 &
864 1931 948 1956 cum
978 1931 1096 1968 pauco
1117 1918 1259 1957 refiduo
1280 1919 1451 1968 sanguine
1479 1921 1698 1960 coaliturum
1723 1922 1904 1970 relinquit.

315 1975 360 2016 In
384 1979 527 2026 exiguis
553 1978 589 2015 &
610 1978 879 2026 pellucentibus
894 1977 1062 2020 vasculis,
1097 1980 1136 2015 in
1161 1978 1292 2027 quibus
1313 1979 1617 2028 microscopium,
1648 1980 1742 2030 «quid
1760 1988 1906 2028 agatur,

307 2036 480 2086 detegit³
515 2036 665 2086 perinde
683 2036 869 2076 vinculum
887 2037 1089 2076 adhibitum
1104 2039 1250 2088 penitus
1277 2040 1454 2077 contraria
1473 2039 1557 2078 facit
1579 2051 1707 2079 eorum
1720 2068 1732 2084 ,
1763 2051 1842 2090 quae
1865 2051 1912 2078 ex

1181 2115 1183 2119 v
1855 2109 1911 2136 re-

357 2201 429 2239 (n)
454 2203 575 2231 Pronior
597 2201 801 2243 Memoiresnr
818 2206 839 2234 Ie
860 2212 1038 2236 mouvoment
1058 2206 1098 2236 du
1107 2203 1192 2245 Jlmg.
1210 2216 1236 2245 p.
1258 2214 1305 2241 -14,
1340 2215 1387 2245 ῖς.

357 2241 429 2277 (ο)
451 2241 580 2280 Οριςίῖιιί.
603 2244 738 2281 pathoa'og.
762 2245 818 2275 obs.
844 2257 893 2286 43.

356 2280 433 2320 (q)
453 2282 484 2312 L.
514 2283 531 2311 ¹-
552 2293 579 2319 p·
599 2292 645 2320 37·
668 2290 713 2319 38-

354 2321 431 2398 {r}
451 2324 585 2392 Igetbod.
612 2325 752 2395 ll'llgdelnd.
776 2325 808 2357 L.
823 2327 863 2357 X.
886 2328 1061 2366 Sanguinem
1082 2329 1190 2360 effundi
1209 2330 1239 2359 in
1262 2329 1356 2368 ampla
1375 2328 1483 2368 spatia,
1512 2338 1574 2368 quse
1597 2330 1673 2361 inter
1688 2328 1749 2360 vasa
1776 2326 1849 2358 sunt.

389 2371 401 2390 s
482 2369 612 2392 ommam<
667 2387 672 2393 .
711 2389 717 2394 .
745 2376 774 2403 p.
805 2376 814 2397 1
846 2374 874 2401 3·

357 2401 429 2438 (x)
450 2403 466 2431 S
479 2413 498 2432 A
515 2414 533 2433 u
549 2414 567 2432 v
581 2414 599 2433 A
614 2414 632 2433 G
646 2414 659 2434 13
674 2415 686 2435 s
712 2406 797 2437 θόρον.
821 2377 913 2447 {ulfus
937 2419 963 2446 p.
993 2413 1042 2440 26.
1068 2411 1206 2449 pathor'og.
1226 2412 1347 2441 method,
1368 2421 1395 2451 p.
1421 2421 1488 2451 υς.
1515 2413 1585 2445 126.

358 2441 425 2481 (y)
445 2442 639 2475 famam
662 2447 738 2484 apud
754 2447 796 2478 cl.
817 2448 961 2480 SALMO
976 2458 998 2480 N
1022 2451 1053 2483 in
1075 2451 1136 2486 diss.
1158 2453 1191 2483 de
1213 2458 1308 2487 mero.
1337 2462 1365 2492 p.
1383 2462 1431 2492 27.
