<?xml version="1.0" encoding="UTF-8"?>
<!DOCTYPE html PUBLIC "-//W3C//DTD XHTML 1.0 Transitional//EN"
    "http://www.w3.org/TR/xhtml1/DTD/xhtml1-transitional.dtd">
<html xmlns="http://www.w3.org/1999/xhtml" xml:lang="en" lang="en">
 <head>
  <title>
</title>
<meta http-equiv="Content-Type" content="text/html;charset=utf-8" />
  <meta name='ocr-system' content='tesseract 3.04.00' />
  <meta name='ocr-capabilities' content='ocr_page ocr_carea ocr_par ocr_line ocrx_word'/>
</head>
<body>
  <div class='ocr_page' id='page_1' title='image "./elementaphysiolo01hall_0160.png"; bbox 0 0 2003 2748; ppageno 0'>
   <div class='ocr_carea' id='block_1_1' title="bbox 285 164 1391 237">
    <p class='ocr_par' dir='ltr' id='par_1_1' title="bbox 285 164 1391 237">
     <span class='ocr_line' id='line_1_1' title="bbox 285 164 1391 237; baseline -0.005 -10"><span class='ocrx_word' id='word_1_1' title='bbox 285 201 364 237; x_wconf 78' lang='lat'>134</span> <span class='ocrx_word' id='word_1_2' title='bbox 804 166 938 225; x_wconf 66' lang='grc' dir='ltr'>ΜΒ.</span> <span class='ocrx_word' id='word_1_3' title='bbox 993 185 1061 224; x_wconf 85' lang='lat' dir='ltr'>JJ.</span> <span class='ocrx_word' id='word_1_4' title='bbox 1128 164 1391 223; x_wconf 51' lang='lat' dir='ltr'>v‘As‘m‘</span> 
     </span>
    </p>
   </div>
   <div class='ocr_carea' id='block_1_2' title="bbox 282 270 1936 1515">
    <p class='ocr_par' dir='ltr' id='par_1_2' title="bbox 282 270 1936 804">
     <span class='ocr_line' id='line_1_2' title="bbox 282 270 1878 331; baseline -0.009 -8"><span class='ocrx_word' id='word_1_5' title='bbox 282 286 422 325; x_wconf 87' lang='lat' dir='ltr'>dudum</span> <span class='ocrx_word' id='word_1_6' title='bbox 450 285 492 322; x_wconf 86' lang='lat' dir='ltr'>ab</span> <span class='ocrx_word' id='word_1_7' title='bbox 517 282 544 321; x_wconf 89' lang='lat' dir='ltr'>E</span> <span class='ocrx_word' id='word_1_8' title='bbox 559 295 581 320; x_wconf 87' lang='grc' dir='ltr'>υ</span> <span class='ocrx_word' id='word_1_9' title='bbox 594 295 608 320; x_wconf 85' lang='lat' dir='ltr'>s</span> <span class='ocrx_word' id='word_1_10' title='bbox 621 294 645 319; x_wconf 80' lang='grc' dir='ltr'><strong>τ</strong></span> <span class='ocrx_word' id='word_1_11' title='bbox 662 293 684 319; x_wconf 73' lang='grc' dir='ltr'><strong>Α</strong></span> <span class='ocrx_word' id='word_1_12' title='bbox 700 294 720 320; x_wconf 92' lang='lat' dir='ltr'>c</span> <span class='ocrx_word' id='word_1_13' title='bbox 733 294 759 319; x_wconf 74' lang='lat' dir='ltr'>n</span> <span class='ocrx_word' id='word_1_14' title='bbox 773 295 785 319; x_wconf 87' lang='grc'>1</span> <span class='ocrx_word' id='word_1_15' title='bbox 801 294 824 320; x_wconf 95' lang='lat'><em>0</em></span> <span class='ocrx_word' id='word_1_16' title='bbox 851 284 867 330; x_wconf 86' lang='lat'>(</span> <span class='ocrx_word' id='word_1_17' title='bbox 885 279 939 331; x_wconf 82' lang='lat' dir='ltr'>a)</span> <span class='ocrx_word' id='word_1_18' title='bbox 966 282 1148 330; x_wconf 60' lang='lat' dir='ltr'>depictum</span> <span class='ocrx_word' id='word_1_19' title='bbox 1164 309 1173 323; x_wconf 91' lang='lat'>,</span> <span class='ocrx_word' id='word_1_20' title='bbox 1207 280 1245 316; x_wconf 90' lang='lat' dir='ltr'>in</span> <span class='ocrx_word' id='word_1_21' title='bbox 1260 276 1408 316; x_wconf 84' lang='lat' dir='ltr'>brachio</span> <span class='ocrx_word' id='word_1_22' title='bbox 1429 273 1559 324; x_wconf 87' lang='lat' dir='ltr'>supino</span> <span class='ocrx_word' id='word_1_23' title='bbox 1574 299 1584 315; x_wconf 92' lang='lat'><strong>,</strong></span> <span class='ocrx_word' id='word_1_24' title='bbox 1619 273 1658 309; x_wconf 90' lang='lat' dir='ltr'>in</span> <span class='ocrx_word' id='word_1_25' title='bbox 1679 270 1785 327; x_wconf 86' lang='lat' dir='ltr'>dorso</span> <span class='ocrx_word' id='word_1_26' title='bbox 1801 270 1878 309; x_wconf 61' lang='lat' dir='ltr'>mal</span> 
     </span>
     <span class='ocr_line' id='line_1_3' title="bbox 282 332 1936 391; baseline -0.011 -7"><span class='ocrx_word' id='word_1_27' title='bbox 282 358 375 388; x_wconf 82' lang='lat' dir='ltr'>nuS,</span> <span class='ocrx_word' id='word_1_28' title='bbox 408 345 609 391; x_wconf 81' lang='lat' dir='ltr'>digitorum</span> <span class='ocrx_word' id='word_1_29' title='bbox 641 350 743 385; x_wconf 85' lang='lat' dir='ltr'>cute,</span> <span class='ocrx_word' id='word_1_30' title='bbox 781 342 929 379; x_wconf 87' lang='lat' dir='ltr'>femoris</span> <span class='ocrx_word' id='word_1_31' title='bbox 958 349 1057 390; x_wconf 85' lang='lat' dir='ltr'>parte</span> <span class='ocrx_word' id='word_1_32' title='bbox 1079 340 1265 381; x_wconf 87' lang='lat' dir='ltr'>inferiori,</span> <span class='ocrx_word' id='word_1_33' title='bbox 1307 349 1377 387; x_wconf 85' lang='lat' dir='ltr'>qua</span> <span class='ocrx_word' id='word_1_34' title='bbox 1397 333 1548 384; x_wconf 79' lang='lat' dir='ltr'>saphena</span> <span class='ocrx_word' id='word_1_35' title='bbox 1579 337 1729 380; x_wconf 84' lang='lat' dir='ltr'>utraque</span> <span class='ocrx_word' id='word_1_36' title='bbox 1763 332 1878 368; x_wconf 84' lang='lat' dir='ltr'>irreti-</span> <span class='ocrx_word' id='word_1_37' title='bbox 1926 337 1936 341; x_wconf 35' lang='lat'><em>³</em></span> 
     </span>
     <span class='ocr_line' id='line_1_4' title="bbox 283 389 1879 450; baseline -0.011 -7"><span class='ocrx_word' id='word_1_38' title='bbox 283 415 363 447; x_wconf 85' lang='lat' dir='ltr'>tur,</span> <span class='ocrx_word' id='word_1_39' title='bbox 395 402 475 440; x_wconf 91' lang='lat' dir='ltr'>sede</span> <span class='ocrx_word' id='word_1_40' title='bbox 493 401 748 439; x_wconf 82' lang='lat' dir='ltr'>malleolorum</span> <span class='ocrx_word' id='word_1_41' title='bbox 768 429 778 444; x_wconf 88' lang='lat'>‚</span> <span class='ocrx_word' id='word_1_42' title='bbox 813 400 964 450; x_wconf 86' lang='lat' dir='ltr'>tarfique</span> <span class='ocrx_word' id='word_1_43' title='bbox 987 399 1037 448; x_wconf 78' lang='lat' dir='ltr'>(h</span> <span class='ocrx_word' id='word_1_44' title='bbox 1055 400 1084 448; x_wconf 88' lang='lat'>).</span> <span class='ocrx_word' id='word_1_45' title='bbox 1122 398 1236 436; x_wconf 84' lang='lat' dir='ltr'>Etiam</span> <span class='ocrx_word' id='word_1_46' title='bbox 1257 398 1389 436; x_wconf 87' lang='lat' dir='ltr'>interni</span> <span class='ocrx_word' id='word_1_47' title='bbox 1407 394 1533 444; x_wconf 84' lang='lat' dir='ltr'>plexus</span> <span class='ocrx_word' id='word_1_48' title='bbox 1554 390 1675 428; x_wconf 82' lang='lat' dir='ltr'>venosi</span> <span class='ocrx_word' id='word_1_49' title='bbox 1691 389 1813 439; x_wconf 80' lang='lat' dir='ltr'>passim</span> <span class='ocrx_word' id='word_1_50' title='bbox 1825 401 1879 426; x_wconf 83' lang='lat' dir='ltr'>re-</span> 
     </span>
     <span class='ocr_line' id='line_1_5' title="bbox 283 449 1881 514; baseline -0.009 -14"><span class='ocrx_word' id='word_1_51' title='bbox 283 465 491 514; x_wconf 85' lang='lat' dir='ltr'>periuntur,</span> <span class='ocrx_word' id='word_1_52' title='bbox 531 473 624 510; x_wconf 89' lang='lat' dir='ltr'>quos</span> <span class='ocrx_word' id='word_1_53' title='bbox 661 462 794 498; x_wconf 56' lang='lat' dir='ltr'>arteriae</span> <span class='ocrx_word' id='word_1_54' title='bbox 824 459 1037 509; x_wconf 82' lang='lat' dir='ltr'>pauciffimae</span> <span class='ocrx_word' id='word_1_55' title='bbox 1065 460 1285 496; x_wconf 75' lang='lat' dir='ltr'>comitantur</span> <span class='ocrx_word' id='word_1_56' title='bbox 1306 486 1315 500; x_wconf 91' lang='lat'><strong>,</strong></span> <span class='ocrx_word' id='word_1_57' title='bbox 1362 462 1402 493; x_wconf 91' lang='lat' dir='ltr'>ut</span> <span class='ocrx_word' id='word_1_58' title='bbox 1419 450 1709 503; x_wconf 84' lang='lat' dir='ltr'>pampiniformis</span> <span class='ocrx_word' id='word_1_59' title='bbox 1739 449 1799 486; x_wconf 81' lang='lat' dir='ltr'>ille</span> <span class='ocrx_word' id='word_1_60' title='bbox 1819 460 1881 486; x_wconf 84' lang='lat' dir='ltr'>ve-</span> 
     </span>
     <span class='ocr_line' id='line_1_6' title="bbox 285 506 1882 570; baseline -0.011 -10"><span class='ocrx_word' id='word_1_61' title='bbox 285 534 413 560; x_wconf 82' lang='lat' dir='ltr'>narum</span> <span class='ocrx_word' id='word_1_62' title='bbox 426 520 714 570; x_wconf 79' lang='lat' dir='ltr'>spermaticarum</span> <span class='ocrx_word' id='word_1_63' title='bbox 729 520 855 569; x_wconf 81' lang='lat' dir='ltr'>plexus</span> <span class='ocrx_word' id='word_1_64' title='bbox 872 548 882 562; x_wconf 84' lang='lat'>‚</span> <span class='ocrx_word' id='word_1_65' title='bbox 917 521 951 556; x_wconf 82' lang='lat'>&amp;·</span> <span class='ocrx_word' id='word_1_66' title='bbox 970 520 1006 556; x_wconf 88' lang='lat' dir='ltr'>in</span> <span class='ocrx_word' id='word_1_67' title='bbox 1024 519 1176 557; x_wconf 84' lang='lat' dir='ltr'>urinaria</span> <span class='ocrx_word' id='word_1_68' title='bbox 1195 515 1305 554; x_wconf 73' lang='lat' dir='ltr'>vesica</span> <span class='ocrx_word' id='word_1_69' title='bbox 1330 517 1346 562; x_wconf 85' lang='lat'>(</span> <span class='ocrx_word' id='word_1_70' title='bbox 1367 527 1384 551; x_wconf 85' lang='lat' dir='ltr'>c</span> <span class='ocrx_word' id='word_1_71' title='bbox 1401 515 1438 561; x_wconf 80' lang='grc'>),</span> <span class='ocrx_word' id='word_1_72' title='bbox 1474 513 1509 548; x_wconf 84' lang='lat'>&amp;</span> <span class='ocrx_word' id='word_1_73' title='bbox 1525 509 1653 560; x_wconf 86' lang='lat' dir='ltr'>plexus</span> <span class='ocrx_word' id='word_1_74' title='bbox 1670 507 1791 546; x_wconf 88' lang='lat' dir='ltr'>venofi</span> <span class='ocrx_word' id='word_1_75' title='bbox 1806 506 1882 556; x_wconf 90' lang='lat' dir='ltr'>pel-</span> 
     </span>
     <span class='ocr_line' id='line_1_7' title="bbox 286 567 1882 629; baseline -0.01 -11"><span class='ocrx_word' id='word_1_76' title='bbox 286 584 339 620; x_wconf 81' lang='lat' dir='ltr'>vis</span> <span class='ocrx_word' id='word_1_77' title='bbox 371 581 588 629; x_wconf 77' lang='lat' dir='ltr'><strong>multiplices</strong></span> <span class='ocrx_word' id='word_1_78' title='bbox 606 607 616 622; x_wconf 85' lang='lat'><strong>,</strong></span> <span class='ocrx_word' id='word_1_79' title='bbox 653 582 716 629; x_wconf 89' lang='lat' dir='ltr'>qui</span> <span class='ocrx_word' id='word_1_80' title='bbox 737 581 828 616; x_wconf 79' lang='lat' dir='ltr'>circa</span> <span class='ocrx_word' id='word_1_81' title='bbox 857 587 973 628; x_wconf 82' lang='lat' dir='ltr'>partes</span> <span class='ocrx_word' id='word_1_82' title='bbox 996 578 1223 626; x_wconf 82' lang='lat' dir='ltr'>generationi</span> <span class='ocrx_word' id='word_1_83' title='bbox 1247 575 1378 612; x_wconf 78' lang='lat' dir='ltr'>dicatas</span> <span class='ocrx_word' id='word_1_84' title='bbox 1396 577 1586 622; x_wconf 86' lang='lat' dir='ltr'>ponuntur</span> <span class='ocrx_word' id='word_1_85' title='bbox 1610 569 1665 615; x_wconf 81' lang='lat' dir='ltr'>(d</span> <span class='ocrx_word' id='word_1_86' title='bbox 1678 569 1695 616; x_wconf 86' lang='grc'>&gt;</span> <span class='ocrx_word' id='word_1_87' title='bbox 1710 595 1719 610; x_wconf 93' lang='grc'><strong>,</strong></span> <span class='ocrx_word' id='word_1_88' title='bbox 1754 567 1789 604; x_wconf 88' lang='lat'>&amp;</span> <span class='ocrx_word' id='word_1_89' title='bbox 1805 574 1882 615; x_wconf 81' lang='lat' dir='ltr'>pte-</span> 
     </span>
     <span class='ocr_line' id='line_1_8' title="bbox 286 625 1883 691; baseline -0.012 -12"><span class='ocrx_word' id='word_1_90' title='bbox 286 640 484 691; x_wconf 81' lang='lat' dir='ltr'>rygoideus</span> <span class='ocrx_word' id='word_1_91' title='bbox 511 639 594 682; x_wconf 80' lang='lat' dir='ltr'>iile,</span> <span class='ocrx_word' id='word_1_92' title='bbox 629 650 648 674; x_wconf 82' lang='lat' dir='ltr'>a</span> <span class='ocrx_word' id='word_1_93' title='bbox 672 639 943 676; x_wconf 74' lang='lat' dir='ltr'>SANTORIN</span> <span class='ocrx_word' id='word_1_94' title='bbox 959 650 981 675; x_wconf 95' lang='lat' dir='ltr'>o</span> <span class='ocrx_word' id='word_1_95' title='bbox 1014 637 1127 674; x_wconf 62' lang='lat' dir='ltr'>dicius</span> <span class='ocrx_word' id='word_1_96' title='bbox 1151 664 1159 678; x_wconf 91' lang='lat'>,</span> <span class='ocrx_word' id='word_1_97' title='bbox 1203 636 1239 672; x_wconf 86' lang='lat'>&amp;</span> <span class='ocrx_word' id='word_1_98' title='bbox 1266 632 1464 671; x_wconf 81' lang='lat' dir='ltr'>tonsillaris.</span> <span class='ocrx_word' id='word_1_99' title='bbox 1509 628 1675 667; x_wconf 87' lang='lat' dir='ltr'>Demum</span> <span class='ocrx_word' id='word_1_100' title='bbox 1702 627 1788 664; x_wconf 82' lang='lat' dir='ltr'>retia</span> <span class='ocrx_word' id='word_1_101' title='bbox 1816 625 1883 661; x_wconf 87' lang='lat' dir='ltr'>mi-</span> 
     </span>
     <span class='ocr_line' id='line_1_9' title="bbox 287 686 1884 747; baseline -0.011 -9"><span class='ocrx_word' id='word_1_102' title='bbox 287 704 395 742; x_wconf 81' lang='lat' dir='ltr'>nima,</span> <span class='ocrx_word' id='word_1_103' title='bbox 421 699 485 736; x_wconf 86' lang='lat' dir='ltr'>soli</span> <span class='ocrx_word' id='word_1_104' title='bbox 508 697 756 747; x_wconf 85' lang='lat' dir='ltr'>microscopio</span> <span class='ocrx_word' id='word_1_105' title='bbox 786 695 916 734; x_wconf 77' lang='lat' dir='ltr'>accessa</span> <span class='ocrx_word' id='word_1_106' title='bbox 933 725 943 740; x_wconf 85' lang='lat'>‚</span> <span class='ocrx_word' id='word_1_107' title='bbox 978 696 1108 745; x_wconf 82' lang='lat' dir='ltr'>absque</span> <span class='ocrx_word' id='word_1_108' title='bbox 1128 692 1301 732; x_wconf 84' lang='lat' dir='ltr'>arteriolis</span> <span class='ocrx_word' id='word_1_109' title='bbox 1319 721 1328 736; x_wconf 91' lang='lat'>,</span> <span class='ocrx_word' id='word_1_110' title='bbox 1364 698 1460 729; x_wconf 88' lang='lat' dir='ltr'>certe</span> <span class='ocrx_word' id='word_1_111' title='bbox 1484 687 1712 738; x_wconf 75' lang='lat' dir='ltr'>conspicui8‚</span> <span class='ocrx_word' id='word_1_112' title='bbox 1754 686 1791 722; x_wconf 87' lang='lat' dir='ltr'>in</span> <span class='ocrx_word' id='word_1_113' title='bbox 1807 695 1884 721; x_wconf 80' lang='lat' dir='ltr'>me-</span> 
     </span>
     <span class='ocr_line' id='line_1_10' title="bbox 287 756 1204 804; baseline -0.008 -7"><span class='ocrx_word' id='word_1_114' title='bbox 287 760 445 797; x_wconf 83' lang='lat' dir='ltr'>senteriis</span> <span class='ocrx_word' id='word_1_115' title='bbox 465 758 677 795; x_wconf 79' lang='lat' dir='ltr'>animalium</span> <span class='ocrx_word' id='word_1_116' title='bbox 701 757 920 804; x_wconf 84' lang='lat' dir='ltr'>frigidorum</span> <span class='ocrx_word' id='word_1_117' title='bbox 944 757 1086 804; x_wconf 81' lang='lat' dir='ltr'>reperio</span> <span class='ocrx_word' id='word_1_118' title='bbox 1113 756 1204 800; x_wconf 82' lang='lat' dir='ltr'>[e].</span> 
     </span>
    </p>

    <p class='ocr_par' dir='ltr' id='par_1_3' title="bbox 291 802 1887 925">
     <span class='ocr_line' id='line_1_11' title="bbox 348 802 1887 867; baseline -0.012 -11"><span class='ocrx_word' id='word_1_119' title='bbox 348 818 405 857; x_wconf 80' lang='lat' dir='ltr'>Est</span> <span class='ocrx_word' id='word_1_120' title='bbox 427 819 488 856; x_wconf 87' lang='lat' dir='ltr'>ubi</span> <span class='ocrx_word' id='word_1_121' title='bbox 509 830 631 867; x_wconf 71' lang='lat' dir='ltr'>:equus</span> <span class='ocrx_word' id='word_1_122' title='bbox 657 816 699 853; x_wconf 86' lang='lat' dir='ltr'>fit</span> <span class='ocrx_word' id='word_1_123' title='bbox 721 818 932 854; x_wconf 81' lang='lat' dir='ltr'>arteriarum</span> <span class='ocrx_word' id='word_1_124' title='bbox 962 825 1135 853; x_wconf 82' lang='lat' dir='ltr'>numerus</span> <span class='ocrx_word' id='word_1_125' title='bbox 1150 842 1160 856; x_wconf 92' lang='lat'>,</span> <span class='ocrx_word' id='word_1_126' title='bbox 1200 819 1239 850; x_wconf 90' lang='lat' dir='ltr'>ut</span> <span class='ocrx_word' id='word_1_127' title='bbox 1275 823 1339 861; x_wconf 88' lang='lat' dir='ltr'>per</span> <span class='ocrx_word' id='word_1_128' title='bbox 1359 809 1524 847; x_wconf 75' lang='lat' dir='ltr'>intestina</span> <span class='ocrx_word' id='word_1_129' title='bbox 1540 835 1549 849; x_wconf 90' lang='lat'>‚</span> <span class='ocrx_word' id='word_1_130' title='bbox 1591 816 1636 842; x_wconf 80' lang='lat' dir='ltr'>ex</span> <span class='ocrx_word' id='word_1_131' title='bbox 1659 803 1790 842; x_wconf 84' lang='lat' dir='ltr'>summi</span> <span class='ocrx_word' id='word_1_132' title='bbox 1819 802 1887 840; x_wconf 79' lang='lat' dir='ltr'>viri</span> 
     </span>
     <span class='ocr_line' id='line_1_12' title="bbox 291 875 625 925; baseline -0.009 -9"><span class='ocrx_word' id='word_1_133' title='bbox 291 879 501 916; x_wconf 87' lang='lat' dir='ltr'>testimonio</span> <span class='ocrx_word' id='word_1_134' title='bbox 530 875 625 925; x_wconf 84' lang='lat' dir='ltr'><em>(s).</em></span> 
     </span>
    </p>

    <p class='ocr_par' dir='ltr' id='par_1_4' title="bbox 289 920 1891 1165">
     <span class='ocr_line' id='line_1_13' title="bbox 351 920 1888 979; baseline -0.012 -5"><span class='ocrx_word' id='word_1_135' title='bbox 351 936 432 979; x_wconf 82' lang='lat' dir='ltr'>Est,</span> <span class='ocrx_word' id='word_1_136' title='bbox 470 937 532 973; x_wconf 87' lang='lat' dir='ltr'>ubi</span> <span class='ocrx_word' id='word_1_137' title='bbox 559 936 633 973; x_wconf 88' lang='lat' dir='ltr'>duo</span> <span class='ocrx_word' id='word_1_138' title='bbox 661 932 948 972; x_wconf 82' lang='lat' dir='ltr'>trunciarteriofi</span> <span class='ocrx_word' id='word_1_139' title='bbox 969 934 1032 971; x_wconf 88' lang='lat' dir='ltr'>uni</span> <span class='ocrx_word' id='word_1_140' title='bbox 1058 931 1192 970; x_wconf 88' lang='lat' dir='ltr'>venoso</span> <span class='ocrx_word' id='word_1_141' title='bbox 1218 928 1462 978; x_wconf 82' lang='lat' dir='ltr'>respondent,</span> <span class='ocrx_word' id='word_1_142' title='bbox 1501 928 1540 964; x_wconf 89' lang='lat' dir='ltr'>in</span> <span class='ocrx_word' id='word_1_143' title='bbox 1557 922 1721 963; x_wconf 85' lang='lat' dir='ltr'>funiculo</span> <span class='ocrx_word' id='word_1_144' title='bbox 1743 920 1888 959; x_wconf 84' lang='lat' dir='ltr'>umbili-</span> 
     </span>
     <span class='ocr_line' id='line_1_14' title="bbox 292 979 1891 1045; baseline -0.011 -11"><span class='ocrx_word' id='word_1_145' title='bbox 292 995 359 1034; x_wconf 75' lang='lat' dir='ltr'>caii</span> <span class='ocrx_word' id='word_1_146' title='bbox 375 1025 383 1039; x_wconf 94' lang='lat'>‚</span> <span class='ocrx_word' id='word_1_147' title='bbox 416 1008 532 1045; x_wconf 79' lang='lat' dir='ltr'>pene,</span> <span class='ocrx_word' id='word_1_148' title='bbox 570 995 736 1033; x_wconf 77' lang='lat' dir='ltr'>clitoride</span> <span class='ocrx_word' id='word_1_149' title='bbox 752 1023 762 1037; x_wconf 85' lang='lat'>,</span> <span class='ocrx_word' id='word_1_150' title='bbox 798 993 932 1043; x_wconf 85' lang='lat' dir='ltr'>cystide</span> <span class='ocrx_word' id='word_1_151' title='bbox 952 993 1061 1030; x_wconf 74' lang='lat' dir='ltr'>fellea.</span> <span class='ocrx_word' id='word_1_152' title='bbox 1102 991 1224 1029; x_wconf 86' lang='lat' dir='ltr'>Plures</span> <span class='ocrx_word' id='word_1_153' title='bbox 1252 991 1360 1026; x_wconf 79' lang='lat' dir='ltr'>etiam</span> <span class='ocrx_word' id='word_1_154' title='bbox 1384 987 1518 1024; x_wconf 83' lang='lat' dir='ltr'>arteriae</span> <span class='ocrx_word' id='word_1_155' title='bbox 1541 982 1735 1032; x_wconf 75' lang='lat' dir='ltr'>capsulares</span> <span class='ocrx_word' id='word_1_156' title='bbox 1756 1009 1765 1023; x_wconf 87' lang='lat'>‚</span> <span class='ocrx_word' id='word_1_157' title='bbox 1809 979 1891 1028; x_wconf 87' lang='lat' dir='ltr'>plu-</span> 
     </span>
     <span class='ocr_line' id='line_1_15' title="bbox 292 1041 1890 1101; baseline -0.012 -8"><span class='ocrx_word' id='word_1_158' title='bbox 292 1069 349 1093; x_wconf 84' lang='lat' dir='ltr'>res</span> <span class='ocrx_word' id='word_1_159' title='bbox 380 1056 515 1092; x_wconf 81' lang='lat' dir='ltr'>renales</span> <span class='ocrx_word' id='word_1_160' title='bbox 537 1055 582 1091; x_wconf 82' lang='lat' dir='ltr'>ad</span> <span class='ocrx_word' id='word_1_161' title='bbox 610 1056 755 1092; x_wconf 86' lang='lat' dir='ltr'>unicam</span> <span class='ocrx_word' id='word_1_162' title='bbox 778 1054 949 1101; x_wconf 85' lang='lat' dir='ltr'>utrinque</span> <span class='ocrx_word' id='word_1_163' title='bbox 974 1063 1104 1089; x_wconf 87' lang='lat' dir='ltr'>venam</span> <span class='ocrx_word' id='word_1_164' title='bbox 1125 1050 1341 1099; x_wconf 84' lang='lat' dir='ltr'>plerumque</span> <span class='ocrx_word' id='word_1_165' title='bbox 1369 1046 1609 1095; x_wconf 84' lang='lat' dir='ltr'>reperiuntur.</span> <span class='ocrx_word' id='word_1_166' title='bbox 1644 1041 1688 1079; x_wconf 88' lang='lat' dir='ltr'>In</span> <span class='ocrx_word' id='word_1_167' title='bbox 1710 1042 1752 1077; x_wconf 89' lang='lat' dir='ltr'>iis</span> <span class='ocrx_word' id='word_1_168' title='bbox 1768 1050 1890 1076; x_wconf 50' lang='lat' dir='ltr'>exem*-</span> 
     </span>
     <span class='ocr_line' id='line_1_16' title="bbox 289 1106 1364 1165; baseline -0.008 -13"><span class='ocrx_word' id='word_1_169' title='bbox 289 1115 362 1165; x_wconf 88' lang='lat' dir='ltr'>·plis</span> <span class='ocrx_word' id='word_1_170' title='bbox 387 1126 561 1152; x_wconf 86' lang='lat' dir='ltr'>venarum</span> <span class='ocrx_word' id='word_1_171' title='bbox 588 1115 704 1160; x_wconf 81' lang='lat' dir='ltr'>major</span> <span class='ocrx_word' id='word_1_172' title='bbox 732 1113 904 1149; x_wconf 79' lang='lat' dir='ltr'>diameter</span> <span class='ocrx_word' id='word_1_173' title='bbox 926 1122 1122 1148; x_wconf 85' lang='lat' dir='ltr'>numerum</span> <span class='ocrx_word' id='word_1_174' title='bbox 1148 1106 1364 1157; x_wconf 82' lang='lat' dir='ltr'>compensat.</span> 
     </span>
    </p>

    <p class='ocr_par' dir='ltr' id='par_1_5' title="bbox 297 1157 1899 1515">
     <span class='ocr_line' id='line_1_17' title="bbox 354 1157 1892 1223; baseline -0.012 -11"><span class='ocrx_word' id='word_1_175' title='bbox 354 1173 453 1223; x_wconf 81' lang='lat' dir='ltr'>Saepe</span> <span class='ocrx_word' id='word_1_176' title='bbox 467 1175 607 1222; x_wconf 81' lang='lat' dir='ltr'>reperio</span> <span class='ocrx_word' id='word_1_177' title='bbox 623 1201 632 1215; x_wconf 91' lang='lat'>‚</span> <span class='ocrx_word' id='word_1_178' title='bbox 651 1171 858 1210; x_wconf 87' lang='lat' dir='ltr'>utidudum</span> <span class='ocrx_word' id='word_1_179' title='bbox 870 1171 1000 1208; x_wconf 88' lang='lat' dir='ltr'>monui</span> <span class='ocrx_word' id='word_1_180' title='bbox 1015 1171 1032 1217; x_wconf 87' lang='lat'>(</span> <span class='ocrx_word' id='word_1_181' title='bbox 1040 1168 1071 1218; x_wconf 83' lang='lat' dir='ltr'><em>f</em></span> <span class='ocrx_word' id='word_1_182' title='bbox 1080 1171 1100 1193; x_wconf 68' lang='lat'>⁹⁶</span> <span class='ocrx_word' id='word_1_183' title='bbox 1119 1169 1157 1215; x_wconf 84' lang='grc'>),</span> <span class='ocrx_word' id='word_1_184' title='bbox 1179 1166 1377 1217; x_wconf 82' lang='lat' dir='ltr'>profundas</span> <span class='ocrx_word' id='word_1_185' title='bbox 1397 1166 1539 1202; x_wconf 78' lang='lat' dir='ltr'>arterias</span> <span class='ocrx_word' id='word_1_186' title='bbox 1558 1160 1712 1211; x_wconf 77' lang='lat' dir='ltr'>grandes</span> <span class='ocrx_word' id='word_1_187' title='bbox 1734 1157 1800 1196; x_wconf 82' lang='lat' dir='ltr'>effe</span> <span class='ocrx_word' id='word_1_188' title='bbox 1813 1185 1824 1200; x_wconf 88' lang='lat'><strong>,</strong></span> <span class='ocrx_word' id='word_1_189' title='bbox 1855 1157 1892 1195; x_wconf 70' lang='lat' dir='ltr'>&amp;z</span> 
     </span>
     <span class='ocr_line' id='line_1_18' title="bbox 297 1217 1893 1277; baseline -0.012 -6"><span class='ocrx_word' id='word_1_190' title='bbox 297 1236 480 1271; x_wconf 86' lang='lat' dir='ltr'>minorem</span> <span class='ocrx_word' id='word_1_191' title='bbox 493 1261 502 1275; x_wconf 87' lang='lat'>‚</span> <span class='ocrx_word' id='word_1_192' title='bbox 525 1233 560 1269; x_wconf 65' lang='grc' dir='ltr'>ἃ</span> <span class='ocrx_word' id='word_1_193' title='bbox 575 1232 725 1270; x_wconf 87' lang='lat' dir='ltr'>demum</span> <span class='ocrx_word' id='word_1_194' title='bbox 739 1231 929 1267; x_wconf 82' lang='lat' dir='ltr'>miniinam</span> <span class='ocrx_word' id='word_1_195' title='bbox 943 1226 1099 1277; x_wconf 78' lang='lat' dir='ltr'>aliquam</span> <span class='ocrx_word' id='word_1_196' title='bbox 1116 1239 1244 1264; x_wconf 83' lang='lat' dir='ltr'>venam</span> <span class='ocrx_word' id='word_1_197' title='bbox 1263 1226 1436 1262; x_wconf 88' lang='lat' dir='ltr'>comitem</span> <span class='ocrx_word' id='word_1_198' title='bbox 1453 1223 1603 1264; x_wconf 80' lang='lat' dir='ltr'>habere,</span> <span class='ocrx_word' id='word_1_199' title='bbox 1627 1217 1797 1266; x_wconf 85' lang='lat' dir='ltr'>exemplo</span> <span class='ocrx_word' id='word_1_200' title='bbox 1815 1227 1893 1253; x_wconf 83' lang='lat' dir='ltr'>ver-</span> 
     </span>
     <span class='ocr_line' id='line_1_19' title="bbox 299 1275 1894 1333; baseline -0.011 -4"><span class='ocrx_word' id='word_1_201' title='bbox 299 1292 443 1330; x_wconf 83' lang='lat' dir='ltr'>tebralis</span> <span class='ocrx_word' id='word_1_202' title='bbox 465 1292 599 1328; x_wconf 74' lang='lat' dir='ltr'>arteriae</span> <span class='ocrx_word' id='word_1_203' title='bbox 613 1319 623 1333; x_wconf 90' lang='lat'>‚</span> <span class='ocrx_word' id='word_1_204' title='bbox 652 1291 688 1327; x_wconf 84' lang='lat'>&amp;</span> <span class='ocrx_word' id='word_1_205' title='bbox 709 1289 875 1327; x_wconf 85' lang='lat' dir='ltr'>lumbalis</span> <span class='ocrx_word' id='word_1_206' title='bbox 894 1301 901 1325; x_wconf 77' lang='grc' dir='ltr'>ε</span> <span class='ocrx_word' id='word_1_207' title='bbox 936 1300 1043 1325; x_wconf 85' lang='lat' dir='ltr'>venas</span> <span class='ocrx_word' id='word_1_208' title='bbox 1069 1298 1157 1323; x_wconf 91' lang='lat' dir='ltr'>vero</span> <span class='ocrx_word' id='word_1_209' title='bbox 1181 1285 1244 1323; x_wconf 87' lang='lat' dir='ltr'>sub</span> <span class='ocrx_word' id='word_1_210' title='bbox 1262 1291 1343 1322; x_wconf 90' lang='lat' dir='ltr'>cute</span> <span class='ocrx_word' id='word_1_211' title='bbox 1359 1282 1477 1320; x_wconf 87' lang='lat' dir='ltr'>multo</span> <span class='ocrx_word' id='word_1_212' title='bbox 1492 1310 1501 1324; x_wconf 91' lang='lat'>‚</span> <span class='ocrx_word' id='word_1_213' title='bbox 1536 1291 1644 1329; x_wconf 85' lang='lat' dir='ltr'>quam</span> <span class='ocrx_word' id='word_1_214' title='bbox 1668 1278 1802 1315; x_wconf 77' lang='lat' dir='ltr'>arteriae</span> <span class='ocrx_word' id='word_1_215' title='bbox 1817 1303 1826 1316; x_wconf 87' lang='lat'>‚</span> <span class='ocrx_word' id='word_1_216' title='bbox 1857 1275 1894 1311; x_wconf 71' lang='lat' dir='ltr'>&lt;Sc</span> 
     </span>
     <span class='ocr_line' id='line_1_20' title="bbox 298 1336 1890 1399; baseline -0.012 -10"><span class='ocrx_word' id='word_1_217' title='bbox 298 1353 453 1399; x_wconf 83' lang='lat' dir='ltr'>majores</span> <span class='ocrx_word' id='word_1_218' title='bbox 482 1349 573 1392; x_wconf 52' lang='lat' dir='ltr'>effen</span> <span class='ocrx_word' id='word_1_219' title='bbox 609 1348 824 1386; x_wconf 77' lang='lat' dir='ltr'>&amp;numero</span> <span class='ocrx_word' id='word_1_220' title='bbox 844 1347 1027 1397; x_wconf 84' lang='lat' dir='ltr'>superare,</span> <span class='ocrx_word' id='word_1_221' title='bbox 1071 1346 1106 1382; x_wconf 67' lang='grc' dir='ltr'>δι</span> <span class='ocrx_word' id='word_1_222' title='bbox 1134 1346 1308 1381; x_wconf 86' lang='lat' dir='ltr'>minimos</span> <span class='ocrx_word' id='word_1_223' title='bbox 1339 1343 1491 1379; x_wconf 85' lang='lat' dir='ltr'>comites</span> <span class='ocrx_word' id='word_1_224' title='bbox 1512 1337 1699 1377; x_wconf 89' lang='lat' dir='ltr'>arteriosos</span> <span class='ocrx_word' id='word_1_225' title='bbox 1720 1336 1890 1383; x_wconf 72' lang='lat' dir='ltr'>accipere,</span> 
     </span>
     <span class='ocr_line' id='line_1_21' title="bbox 300 1392 1899 1457; baseline -0.011 -10"><span class='ocrx_word' id='word_1_226' title='bbox 300 1409 486 1448; x_wconf 77' lang='lat' dir='ltr'>Omnibus</span> <span class='ocrx_word' id='word_1_227' title='bbox 504 1409 724 1457; x_wconf 85' lang='lat' dir='ltr'>computatis</span> <span class='ocrx_word' id='word_1_228' title='bbox 738 1436 747 1451; x_wconf 89' lang='lat'><strong>,</strong></span> <span class='ocrx_word' id='word_1_229' title='bbox 778 1407 879 1444; x_wconf 84' lang='lat' dir='ltr'>facile</span> <span class='ocrx_word' id='word_1_230' title='bbox 905 1405 1120 1444; x_wconf 86' lang='lat' dir='ltr'>crediderim</span> <span class='ocrx_word' id='word_1_231' title='bbox 1135 1403 1300 1441; x_wconf 78' lang='lat' dir='ltr'>eamdem</span> <span class='ocrx_word' id='word_1_232' title='bbox 1327 1400 1465 1438; x_wconf 84' lang='lat' dir='ltr'>causam</span> <span class='ocrx_word' id='word_1_233' title='bbox 1480 1428 1489 1442; x_wconf 87' lang='lat'>,</span> <span class='ocrx_word' id='word_1_234' title='bbox 1519 1410 1597 1448; x_wconf 79' lang='lat' dir='ltr'>quae</span> <span class='ocrx_word' id='word_1_235' title='bbox 1614 1396 1699 1433; x_wconf 85' lang='lat' dir='ltr'>fecit</span> <span class='ocrx_word' id='word_1_236' title='bbox 1712 1423 1721 1437; x_wconf 84' lang='lat'>‚</span> <span class='ocrx_word' id='word_1_237' title='bbox 1747 1400 1787 1432; x_wconf 87' lang='lat' dir='ltr'>ut</span> <span class='ocrx_word' id='word_1_238' title='bbox 1806 1392 1842 1430; x_wconf 93' lang='lat' dir='ltr'>N</span> <span class='ocrx_word' id='word_1_239' title='bbox 1855 1403 1899 1439; x_wconf 47' lang='lat' dir='ltr'>Af</span> 
     </span>
     <span class='ocr_line' id='line_1_22' title="bbox 301 1453 1804 1515; baseline -0.011 -10"><span class='ocrx_word' id='word_1_240' title='bbox 301 1481 325 1505; x_wconf 83' lang='lat' dir='ltr'>T</span> <span class='ocrx_word' id='word_1_241' title='bbox 341 1482 362 1505; x_wconf 82' lang='lat' dir='ltr'>u</span> <span class='ocrx_word' id='word_1_242' title='bbox 377 1481 433 1506; x_wconf 66' lang='lat' dir='ltr'>uA</span> <span class='ocrx_word' id='word_1_243' title='bbox 466 1469 621 1515; x_wconf 81' lang='lat' dir='ltr'>majores</span> <span class='ocrx_word' id='word_1_244' title='bbox 649 1479 757 1506; x_wconf 81' lang='lat' dir='ltr'>venas</span> <span class='ocrx_word' id='word_1_245' title='bbox 782 1466 937 1509; x_wconf 81' lang='lat' dir='ltr'>faceret,</span> <span class='ocrx_word' id='word_1_246' title='bbox 976 1465 1084 1502; x_wconf 84' lang='lat' dir='ltr'>etiam</span> <span class='ocrx_word' id='word_1_247' title='bbox 1112 1461 1253 1504; x_wconf 76' lang='lat' dir='ltr'>fecisse,</span> <span class='ocrx_word' id='word_1_248' title='bbox 1288 1468 1329 1499; x_wconf 90' lang='lat' dir='ltr'>ut</span> <span class='ocrx_word' id='word_1_249' title='bbox 1349 1459 1503 1507; x_wconf 83' lang='lat' dir='ltr'>fingeret</span> <span class='ocrx_word' id='word_1_250' title='bbox 1528 1453 1804 1501; x_wconf 83' lang='lat' dir='ltr'>numerosiores.</span> 
     </span>
    </p>
   </div>
   <div class='ocr_carea' id='block_1_3' title="bbox 908 1581 1276 1630">
    <p class='ocr_par' dir='ltr' id='par_1_6' title="bbox 908 1581 1276 1630">
     <span class='ocr_line' id='line_1_23' title="bbox 908 1581 1276 1630; baseline -0.014 -7"><span class='ocrx_word' id='word_1_251' title='bbox 908 1588 940 1630; x_wconf 72' lang='lat'>§-</span> <span class='ocrx_word' id='word_1_252' title='bbox 975 1582 1090 1622; x_wconf 89' lang='lat' dir='ltr'>XII.</span> <span class='ocrx_word' id='word_1_253' title='bbox 1157 1581 1276 1619; x_wconf 74' lang='lat' dir='ltr'>Locus.</span> 
     </span>
    </p>
   </div>
   <div class='ocr_carea' id='block_1_4' title="bbox 307 1679 1908 2187">
    <p class='ocr_par' dir='ltr' id='par_1_7' title="bbox 307 1679 1907 2158">
     <span class='ocr_line' id='line_1_24' title="bbox 365 1679 1904 1744; baseline -0.012 -9"><span class='ocrx_word' id='word_1_254' title='bbox 365 1696 470 1734; x_wconf 86' lang='lat' dir='ltr'>Loco</span> <span class='ocrx_word' id='word_1_255' title='bbox 499 1709 598 1734; x_wconf 84' lang='lat' dir='ltr'>venae</span> <span class='ocrx_word' id='word_1_256' title='bbox 624 1696 667 1733; x_wconf 86' lang='lat' dir='ltr'>ab</span> <span class='ocrx_word' id='word_1_257' title='bbox 694 1697 829 1733; x_wconf 83' lang='lat' dir='ltr'>arteriis</span> <span class='ocrx_word' id='word_1_258' title='bbox 848 1696 978 1744; x_wconf 83' lang='lat' dir='ltr'>partim</span> <span class='ocrx_word' id='word_1_259' title='bbox 1000 1692 1197 1734; x_wconf 85' lang='lat' dir='ltr'>differunt,</span> <span class='ocrx_word' id='word_1_260' title='bbox 1235 1690 1365 1740; x_wconf 78' lang='lat' dir='ltr'>partim</span> <span class='ocrx_word' id='word_1_261' title='bbox 1386 1687 1619 1725; x_wconf 87' lang='lat' dir='ltr'>conveniunt.</span> <span class='ocrx_word' id='word_1_262' title='bbox 1655 1681 1833 1730; x_wconf 85' lang='lat' dir='ltr'>Plerisque</span> <span class='ocrx_word' id='word_1_263' title='bbox 1848 1679 1904 1717; x_wconf 62' lang='lat'>102</span> 
     </span>
     <span class='ocr_line' id='line_1_25' title="bbox 307 1741 1904 1797; baseline -0.011 -4"><span class='ocrx_word' id='word_1_264' title='bbox 307 1756 357 1793; x_wconf 90' lang='lat' dir='ltr'>cis</span> <span class='ocrx_word' id='word_1_265' title='bbox 384 1755 518 1792; x_wconf 84' lang='lat' dir='ltr'>sodales</span> <span class='ocrx_word' id='word_1_266' title='bbox 545 1755 747 1797; x_wconf 86' lang='lat' dir='ltr'>incedunt,</span> <span class='ocrx_word' id='word_1_267' title='bbox 785 1761 826 1793; x_wconf 85' lang='lat' dir='ltr'>ut</span> <span class='ocrx_word' id='word_1_268' title='bbox 856 1756 895 1792; x_wconf 85' lang='lat' dir='ltr'>in</span> <span class='ocrx_word' id='word_1_269' title='bbox 920 1753 1136 1794; x_wconf 88' lang='lat' dir='ltr'>visceribus,</span> <span class='ocrx_word' id='word_1_270' title='bbox 1174 1751 1324 1787; x_wconf 83' lang='lat' dir='ltr'>cerebro</span> <span class='ocrx_word' id='word_1_271' title='bbox 1349 1754 1526 1795; x_wconf 86' lang='lat' dir='ltr'>excepto:</span> <span class='ocrx_word' id='word_1_272' title='bbox 1569 1745 1604 1781; x_wconf 86' lang='lat'>&amp;</span> <span class='ocrx_word' id='word_1_273' title='bbox 1634 1743 1759 1790; x_wconf 83' lang='lat' dir='ltr'>magni</span> <span class='ocrx_word' id='word_1_274' title='bbox 1784 1741 1904 1778; x_wconf 86' lang='lat' dir='ltr'>trunci</span> 
     </span>
     <span class='ocr_line' id='line_1_26' title="bbox 307 1799 1906 1863; baseline -0.011 -12"><span class='ocrx_word' id='word_1_275' title='bbox 307 1822 450 1852; x_wconf 84' lang='lat' dir='ltr'>artuum</span> <span class='ocrx_word' id='word_1_276' title='bbox 474 1815 632 1863; x_wconf 86' lang='lat' dir='ltr'>collique</span> <span class='ocrx_word' id='word_1_277' title='bbox 653 1816 783 1862; x_wconf 81' lang='lat' dir='ltr'>pariter</span> <span class='ocrx_word' id='word_1_278' title='bbox 804 1826 868 1863; x_wconf 88' lang='lat' dir='ltr'>per</span> <span class='ocrx_word' id='word_1_279' title='bbox 890 1811 1057 1850; x_wconf 82' lang='lat' dir='ltr'>cellulosa</span> <span class='ocrx_word' id='word_1_280' title='bbox 1083 1810 1231 1848; x_wconf 76' lang='lat' dir='ltr'>aliarum</span> <span class='ocrx_word' id='word_1_281' title='bbox 1261 1809 1418 1857; x_wconf 86' lang='lat' dir='ltr'>partium</span> <span class='ocrx_word' id='word_1_282' title='bbox 1443 1805 1606 1853; x_wconf 86' lang='lat' dir='ltr'>corporis</span> <span class='ocrx_word' id='word_1_283' title='bbox 1623 1799 1808 1839; x_wconf 82' lang='lat' dir='ltr'>intervalla</span> <span class='ocrx_word' id='word_1_284' title='bbox 1837 1799 1906 1834; x_wconf 82' lang='lat' dir='ltr'>mi-</span> 
     </span>
     <span class='ocr_line' id='line_1_27' title="bbox 309 1857 1905 1921; baseline -0.011 -11"><span class='ocrx_word' id='word_1_285' title='bbox 309 1881 423 1921; x_wconf 76' lang='lat' dir='ltr'>grant.</span> <span class='ocrx_word' id='word_1_286' title='bbox 458 1872 554 1911; x_wconf 71' lang='lat' dir='ltr'>Alibi</span> <span class='ocrx_word' id='word_1_287' title='bbox 571 1873 603 1910; x_wconf 91' lang='lat' dir='ltr'>se</span> <span class='ocrx_word' id='word_1_288' title='bbox 628 1872 815 1915; x_wconf 88' lang='lat' dir='ltr'>deserunt,</span> <span class='ocrx_word' id='word_1_289' title='bbox 854 1872 902 1909; x_wconf 90' lang='lat' dir='ltr'>ob</span> <span class='ocrx_word' id='word_1_290' title='bbox 925 1872 1034 1908; x_wconf 83' lang='lat' dir='ltr'>varias</span> <span class='ocrx_word' id='word_1_291' title='bbox 1057 1871 1223 1907; x_wconf 87' lang='lat' dir='ltr'>rationes.</span> <span class='ocrx_word' id='word_1_292' title='bbox 1258 1866 1363 1903; x_wconf 83' lang='lat' dir='ltr'>Vena</span> <span class='ocrx_word' id='word_1_293' title='bbox 1383 1864 1454 1900; x_wconf 82' lang='lat' dir='ltr'>sine</span> <span class='ocrx_word' id='word_1_294' title='bbox 1467 1864 1542 1912; x_wconf 85' lang='lat' dir='ltr'>pari</span> <span class='ocrx_word' id='word_1_295' title='bbox 1561 1861 1734 1900; x_wconf 79' lang='lat' dir='ltr'>solitaria,</span> <span class='ocrx_word' id='word_1_296' title='bbox 1773 1857 1905 1906; x_wconf 80' lang='lat' dir='ltr'>absque</span> 
     </span>
     <span class='ocr_line' id='line_1_28' title="bbox 309 1915 1904 1980; baseline -0.012 -10"><span class='ocrx_word' id='word_1_297' title='bbox 309 1934 434 1970; x_wconf 84' lang='lat' dir='ltr'>arteria</span> <span class='ocrx_word' id='word_1_298' title='bbox 454 1931 505 1970; x_wconf 92' lang='lat' dir='ltr'>sui</span> <span class='ocrx_word' id='word_1_299' title='bbox 529 1931 632 1969; x_wconf 81' lang='lat' dir='ltr'>fimiii</span> <span class='ocrx_word' id='word_1_300' title='bbox 653 1940 733 1969; x_wconf 75' lang='lat' dir='ltr'>nata</span> <span class='ocrx_word' id='word_1_301' title='bbox 763 1931 830 1973; x_wconf 81' lang='lat' dir='ltr'>est,</span> <span class='ocrx_word' id='word_1_302' title='bbox 863 1929 964 1980; x_wconf 88' lang='lat' dir='ltr'>quod</span> <span class='ocrx_word' id='word_1_303' title='bbox 984 1931 1021 1966; x_wconf 91' lang='lat' dir='ltr'>in</span> <span class='ocrx_word' id='word_1_304' title='bbox 1045 1935 1121 1965; x_wconf 84' lang='lat' dir='ltr'>tota</span> <span class='ocrx_word' id='word_1_305' title='bbox 1144 1927 1202 1964; x_wconf 79' lang='lat' dir='ltr'>illa</span> <span class='ocrx_word' id='word_1_306' title='bbox 1223 1923 1454 1974; x_wconf 85' lang='lat' dir='ltr'>longitudine</span> <span class='ocrx_word' id='word_1_307' title='bbox 1470 1951 1479 1965; x_wconf 89' lang='lat'>,</span> <span class='ocrx_word' id='word_1_308' title='bbox 1512 1932 1591 1970; x_wconf 87' lang='lat' dir='ltr'>quae</span> <span class='ocrx_word' id='word_1_309' title='bbox 1606 1917 1807 1969; x_wconf 85' lang='lat' dir='ltr'>pericardio</span> <span class='ocrx_word' id='word_1_310' title='bbox 1823 1944 1831 1958; x_wconf 88' lang='lat'>‚</span> <span class='ocrx_word' id='word_1_311' title='bbox 1867 1915 1904 1951; x_wconf 66' lang='grc' dir='ltr'>δε</span> 
     </span>
     <span class='ocr_line' id='line_1_29' title="bbox 309 1977 1905 2041; baseline -0.011 -13"><span class='ocrx_word' id='word_1_312' title='bbox 309 1991 447 2041; x_wconf 76' lang='lat' dir='ltr'>hepatis</span> <span class='ocrx_word' id='word_1_313' title='bbox 477 1991 575 2029; x_wconf 84' lang='lat' dir='ltr'>sulco</span> <span class='ocrx_word' id='word_1_314' title='bbox 604 1991 851 2032; x_wconf 82' lang='lat' dir='ltr'>mensuratur,</span> <span class='ocrx_word' id='word_1_315' title='bbox 889 1989 992 2026; x_wconf 84' lang='lat' dir='ltr'>locus</span> <span class='ocrx_word' id='word_1_316' title='bbox 1023 1999 1100 2024; x_wconf 89' lang='lat' dir='ltr'>non</span> <span class='ocrx_word' id='word_1_317' title='bbox 1130 1985 1262 2026; x_wconf 82' lang='lat' dir='ltr'>fuerit,</span> <span class='ocrx_word' id='word_1_318' title='bbox 1306 1995 1382 2033; x_wconf 89' lang='lat' dir='ltr'>quo</span> <span class='ocrx_word' id='word_1_319' title='bbox 1408 1993 1508 2018; x_wconf 76' lang='lat' dir='ltr'>vente</span> <span class='ocrx_word' id='word_1_320' title='bbox 1528 1977 1772 2016; x_wconf 83' lang='lat' dir='ltr'>intercostales</span> <span class='ocrx_word' id='word_1_321' title='bbox 1797 1977 1834 2012; x_wconf 87' lang='lat' dir='ltr'>in</span> <span class='ocrx_word' id='word_1_322' title='bbox 1850 1985 1905 2011; x_wconf 81' lang='lat' dir='ltr'>ca-</span> 
     </span>
     <span class='ocr_line' id='line_1_30' title="bbox 313 2039 1904 2098; baseline -0.011 -10"><span class='ocrx_word' id='word_1_323' title='bbox 313 2062 395 2087; x_wconf 80' lang='lat' dir='ltr'>vam</span> <span class='ocrx_word' id='word_1_324' title='bbox 419 2063 548 2087; x_wconf 89' lang='lat' dir='ltr'>venam</span> <span class='ocrx_word' id='word_1_325' title='bbox 579 2050 790 2098; x_wconf 81' lang='lat' dir='ltr'>sanguinem</span> <span class='ocrx_word' id='word_1_326' title='bbox 814 2049 916 2086; x_wconf 86' lang='lat' dir='ltr'>suum</span> <span class='ocrx_word' id='word_1_327' title='bbox 941 2047 1091 2084; x_wconf 86' lang='lat' dir='ltr'>reddere</span> <span class='ocrx_word' id='word_1_328' title='bbox 1108 2045 1304 2095; x_wconf 88' lang='lat' dir='ltr'>potuerint.</span> <span class='ocrx_word' id='word_1_329' title='bbox 1342 2042 1466 2090; x_wconf 84' lang='lat' dir='ltr'>Itaque</span> <span class='ocrx_word' id='word_1_330' title='bbox 1480 2039 1649 2089; x_wconf 84' lang='lat' dir='ltr'>proprius</span> <span class='ocrx_word' id='word_1_331' title='bbox 1670 2043 1820 2073; x_wconf 88' lang='lat' dir='ltr'>truncus</span> <span class='ocrx_word' id='word_1_332' title='bbox 1836 2044 1904 2082; x_wconf 88' lang='lat' dir='ltr'>pro</span> 
     </span>
     <span class='ocr_line' id='line_1_31' title="bbox 313 2093 1907 2158; baseline -0.011 -12"><span class='ocrx_word' id='word_1_333' title='bbox 313 2111 355 2147; x_wconf 79' lang='lat' dir='ltr'>iis</span> <span class='ocrx_word' id='word_1_334' title='bbox 383 2111 481 2147; x_wconf 85' lang='lat' dir='ltr'>venis</span> <span class='ocrx_word' id='word_1_335' title='bbox 514 2110 621 2148; x_wconf 58' lang='lat' dir='ltr'>faetus</span> <span class='ocrx_word' id='word_1_336' title='bbox 649 2109 697 2147; x_wconf 89' lang='lat' dir='ltr'>est</span> <span class='ocrx_word' id='word_1_337' title='bbox 714 2138 722 2152; x_wconf 89' lang='lat'>‚</span> <span class='ocrx_word' id='word_1_338' title='bbox 759 2111 822 2158; x_wconf 90' lang='lat' dir='ltr'>qui</span> <span class='ocrx_word' id='word_1_339' title='bbox 852 2109 887 2145; x_wconf 65' lang='grc' dir='ltr'>δι</span> <span class='ocrx_word' id='word_1_340' title='bbox 919 2105 1020 2156; x_wconf 84' lang='lat' dir='ltr'>supra</span> <span class='ocrx_word' id='word_1_341' title='bbox 1051 2103 1292 2155; x_wconf 80' lang='lat' dir='ltr'>pericardium</span> <span class='ocrx_word' id='word_1_342' title='bbox 1319 2102 1355 2139; x_wconf 83' lang='lat'>&amp;</span> <span class='ocrx_word' id='word_1_343' title='bbox 1387 2100 1477 2138; x_wconf 84' lang='lat' dir='ltr'>infra</span> <span class='ocrx_word' id='word_1_344' title='bbox 1504 2098 1640 2147; x_wconf 85' lang='lat' dir='ltr'>hepatis</span> <span class='ocrx_word' id='word_1_345' title='bbox 1665 2093 1907 2133; x_wconf 79' lang='lat' dir='ltr'>adhaefionem</span> 
     </span>
    </p>

    <p class='ocr_par' dir='ltr' id='par_1_8' title="bbox 1870 2162 1908 2187">
     <span class='ocr_line' id='line_1_32' title="bbox 1870 2162 1908 2187; baseline 0 0"><span class='ocrx_word' id='word_1_346' title='bbox 1870 2162 1908 2187; x_wconf 86' lang='lat' dir='ltr'>m</span> 
     </span>
    </p>
   </div>
   <div class='ocr_carea' id='block_1_5' title="bbox 367 2267 1909 2541">
    <p class='ocr_par' dir='ltr' id='par_1_9' title="bbox 423 2267 1909 2376">
     <span class='ocr_line' id='line_1_33' title="bbox 423 2267 1909 2335; baseline -0.008 -6"><span class='ocrx_word' id='word_1_347' title='bbox 423 2300 435 2335; x_wconf 85' lang='lat'><em>)</em></span> <span class='ocrx_word' id='word_1_348' title='bbox 462 2298 547 2329; x_wconf 54' lang='lat' dir='ltr'>Confi.</span> <span class='ocrx_word' id='word_1_349' title='bbox 580 2299 606 2329; x_wconf 89' lang='lat' dir='ltr'><strong>H</strong></span> <span class='ocrx_word' id='word_1_350' title='bbox 621 2310 633 2328; x_wconf 71' lang='grc' dir='ltr'>ε</span> <span class='ocrx_word' id='word_1_351' title='bbox 648 2311 663 2329; x_wconf 67' lang='grc' dir='ltr'><strong>Β</strong></span> <span class='ocrx_word' id='word_1_352' title='bbox 676 2310 689 2328; x_wconf 70' lang='grc' dir='ltr'>ε</span> <span class='ocrx_word' id='word_1_353' title='bbox 703 2267 748 2329; x_wconf 62' lang='grc' dir='ltr'>Νςε</span> <span class='ocrx_word' id='word_1_354' title='bbox 766 2310 784 2329; x_wconf 84' lang='lat' dir='ltr'>T</span> <span class='ocrx_word' id='word_1_355' title='bbox 799 2268 843 2329; x_wconf 66' lang='lat'>1272</span> <span class='ocrx_word' id='word_1_356' title='bbox 856 2310 866 2329; x_wconf 88' lang='lat'>1</span> <span class='ocrx_word' id='word_1_357' title='bbox 879 2308 899 2328; x_wconf 73' lang='lat' dir='ltr'>&#39;r</span> <span class='ocrx_word' id='word_1_358' title='bbox 924 2299 957 2328; x_wconf 84' lang='lat' dir='ltr'>de</span> <span class='ocrx_word' id='word_1_359' title='bbox 978 2299 1057 2328; x_wconf 74' lang='lat' dir='ltr'>venis</span> <span class='ocrx_word' id='word_1_360' title='bbox 1072 2295 1357 2328; x_wconf 67' lang='lat' dir='ltr'>communicantibus.</span> <span class='ocrx_word' id='word_1_361' title='bbox 1387 2291 1410 2323; x_wconf 94' lang='lat' dir='ltr'>C</span> <span class='ocrx_word' id='word_1_362' title='bbox 1423 2301 1444 2322; x_wconf 79' lang='grc' dir='ltr'><strong><em>Η</em></strong></span> <span class='ocrx_word' id='word_1_363' title='bbox 1461 2301 1474 2322; x_wconf 81' lang='grc' dir='ltr'>ε</span> <span class='ocrx_word' id='word_1_364' title='bbox 1487 2301 1500 2322; x_wconf 84' lang='lat' dir='ltr'><strong>s</strong></span> <span class='ocrx_word' id='word_1_365' title='bbox 1511 2300 1527 2322; x_wconf 69' lang='grc' dir='ltr'><strong><em>Β</em></strong></span> <span class='ocrx_word' id='word_1_366' title='bbox 1540 2301 1556 2320; x_wconf 80' lang='grc' dir='ltr'>ι</span> <span class='ocrx_word' id='word_1_367' title='bbox 1568 2299 1586 2321; x_wconf 80' lang='lat' dir='ltr'><strong>n</strong></span> <span class='ocrx_word' id='word_1_368' title='bbox 1597 2297 1615 2321; x_wconf 73' lang='grc' dir='ltr'><strong><em>ε</em></strong></span> <span class='ocrx_word' id='word_1_369' title='bbox 1628 2297 1649 2319; x_wconf 78' lang='lat' dir='ltr'>N</span> <span class='ocrx_word' id='word_1_370' title='bbox 1672 2287 1691 2319; x_wconf 77' lang='lat' dir='ltr'>l.</span> <span class='ocrx_word' id='word_1_371' title='bbox 1724 2296 1747 2318; x_wconf 83' lang='lat' dir='ltr'>c.</span> <span class='ocrx_word' id='word_1_372' title='bbox 1771 2286 1806 2324; x_wconf 54' lang='lat' dir='ltr'>pss</span> <span class='ocrx_word' id='word_1_373' title='bbox 1839 2282 1909 2319; x_wconf 64' lang='grc' dir='ltr'>19ῐὲ</span> 
     </span>
     <span class='ocr_line' id='line_1_34' title="bbox 425 2338 1095 2376; baseline -0.001 -7"><span class='ocrx_word' id='word_1_374' title='bbox 425 2340 480 2376; x_wconf 85' lang='grc' dir='ltr'>)Ε</span> <span class='ocrx_word' id='word_1_375' title='bbox 498 2350 514 2369; x_wconf 83' lang='grc' dir='ltr'><em>υ</em></span> <span class='ocrx_word' id='word_1_376' title='bbox 531 2350 682 2369; x_wconf 78' lang='lat' dir='ltr'><strong>STACH.</strong></span> <span class='ocrx_word' id='word_1_377' title='bbox 710 2340 744 2369; x_wconf 90' lang='lat' dir='ltr'>T.</span> <span class='ocrx_word' id='word_1_378' title='bbox 770 2340 838 2370; x_wconf 75' lang='grc' dir='ltr'>ΧΠ.</span> <span class='ocrx_word' id='word_1_379' title='bbox 867 2340 885 2369; x_wconf 92' lang='lat' dir='ltr'>f.</span> <span class='ocrx_word' id='word_1_380' title='bbox 911 2349 934 2368; x_wconf 84' lang='lat'>1.</span> <span class='ocrx_word' id='word_1_381' title='bbox 956 2339 991 2368; x_wconf 87' lang='lat' dir='ltr'>T.</span> <span class='ocrx_word' id='word_1_382' title='bbox 1014 2338 1095 2368; x_wconf 84' lang='grc' dir='ltr'>ΧΙΙΙ.</span> 
     </span>
    </p>

    <p class='ocr_par' dir='ltr' id='par_1_10' title="bbox 427 2378 1410 2417">
     <span class='ocr_line' id='line_1_35' title="bbox 427 2378 1410 2417; baseline -0.002 -9"><span class='ocrx_word' id='word_1_383' title='bbox 427 2381 438 2416; x_wconf 82' lang='grc'>&gt;</span> <span class='ocrx_word' id='word_1_384' title='bbox 461 2382 615 2409; x_wconf 79' lang='lat' dir='ltr'>Comment.</span> <span class='ocrx_word' id='word_1_385' title='bbox 642 2381 680 2409; x_wconf 78' lang='lat' dir='ltr'>ad</span> <span class='ocrx_word' id='word_1_386' title='bbox 702 2382 853 2410; x_wconf 73' lang='lat' dir='ltr'>Boerlnmv.</span> <span class='ocrx_word' id='word_1_387' title='bbox 871 2380 906 2410; x_wconf 86' lang='lat' dir='ltr'>T.</span> <span class='ocrx_word' id='word_1_388' title='bbox 931 2378 970 2409; x_wconf 88' lang='lat' dir='ltr'>V.</span> <span class='ocrx_word' id='word_1_389' title='bbox 999 2380 1027 2409; x_wconf 87' lang='lat' dir='ltr'>P.</span> <span class='ocrx_word' id='word_1_390' title='bbox 1055 2379 1075 2408; x_wconf 91' lang='lat' dir='ltr'>l.</span> <span class='ocrx_word' id='word_1_391' title='bbox 1105 2389 1133 2417; x_wconf 87' lang='lat' dir='ltr'>p.</span> <span class='ocrx_word' id='word_1_392' title='bbox 1157 2387 1223 2416; x_wconf 84' lang='lat'>300.</span> <span class='ocrx_word' id='word_1_393' title='bbox 1251 2382 1320 2412; x_wconf 85' lang='lat'>418.</span> <span class='ocrx_word' id='word_1_394' title='bbox 1341 2384 1410 2412; x_wconf 84' lang='lat'><strong>4¹9·</strong></span> 
     </span>
    </p>

    <p class='ocr_par' dir='ltr' id='par_1_11' title="bbox 405 2414 1547 2464">
     <span class='ocr_line' id='line_1_36' title="bbox 405 2414 1547 2464; baseline -0.004 -14"><span class='ocrx_word' id='word_1_395' title='bbox 405 2422 435 2464; x_wconf 60' lang='lat' dir='ltr'>v)</span> <span class='ocrx_word' id='word_1_396' title='bbox 460 2422 562 2450; x_wconf 68' lang='lat' dir='ltr'>Second</span> <span class='ocrx_word' id='word_1_397' title='bbox 586 2419 794 2459; x_wconf 56' lang='lat' dir='ltr'>Affemoireficr</span> <span class='ocrx_word' id='word_1_398' title='bbox 815 2422 837 2449; x_wconf 80' lang='lat' dir='ltr'>le</span> <span class='ocrx_word' id='word_1_399' title='bbox 857 2426 1033 2450; x_wconf 73' lang='lat' dir='ltr'>mouvement</span> <span class='ocrx_word' id='word_1_400' title='bbox 1053 2418 1187 2458; x_wconf 81' lang='lat' dir='ltr'>dusang.</span> <span class='ocrx_word' id='word_1_401' title='bbox 1211 2427 1275 2456; x_wconf 75' lang='lat' dir='ltr'>exp.</span> <span class='ocrx_word' id='word_1_402' title='bbox 1307 2426 1370 2454; x_wconf 77' lang='lat'>119.</span> <span class='ocrx_word' id='word_1_403' title='bbox 1392 2422 1457 2447; x_wconf 79' lang='lat'>122·</span> <span class='ocrx_word' id='word_1_404' title='bbox 1491 2414 1547 2446; x_wconf 72' lang='lat' dir='ltr'>&amp;c-</span> 
     </span>
    </p>

    <p class='ocr_par' dir='ltr' id='par_1_12' title="bbox 388 2459 1171 2504">
     <span class='ocr_line' id='line_1_37' title="bbox 388 2459 1171 2504; baseline -0.001 -13"><span class='ocrx_word' id='word_1_405' title='bbox 388 2494 407 2504; x_wconf 32' lang='grc' dir='ltr'>,ι</span> <span class='ocrx_word' id='word_1_406' title='bbox 424 2462 436 2495; x_wconf 78' lang='lat'><em>)</em></span> <span class='ocrx_word' id='word_1_407' title='bbox 459 2461 490 2491; x_wconf 91' lang='lat' dir='ltr'>B.</span> <span class='ocrx_word' id='word_1_408' title='bbox 516 2461 636 2499; x_wconf 60' lang='lat' dir='ltr'>Siegfiw&#39;d</span> <span class='ocrx_word' id='word_1_409' title='bbox 659 2462 681 2491; x_wconf 84' lang='lat' dir='ltr'>A</span> <span class='ocrx_word' id='word_1_410' title='bbox 695 2471 754 2493; x_wconf 71' lang='grc' dir='ltr'><strong>ι.111</strong></span> <span class='ocrx_word' id='word_1_411' title='bbox 768 2471 788 2492; x_wconf 77' lang='lat' dir='ltr'>N</span> <span class='ocrx_word' id='word_1_412' title='bbox 803 2471 821 2492; x_wconf 85' lang='grc' dir='ltr'><strong>υ</strong></span> <span class='ocrx_word' id='word_1_413' title='bbox 834 2471 846 2491; x_wconf 86' lang='lat' dir='ltr'>s</span> <span class='ocrx_word' id='word_1_414' title='bbox 869 2462 902 2492; x_wconf 70' lang='lat' dir='ltr'>ele</span> <span class='ocrx_word' id='word_1_415' title='bbox 928 2460 997 2500; x_wconf 80' lang='lat' dir='ltr'>vafis</span> <span class='ocrx_word' id='word_1_416' title='bbox 1014 2459 1171 2500; x_wconf 54' lang='lat' dir='ltr'>mastinor.</span> 
     </span>
    </p>

    <p class='ocr_par' dir='ltr' id='par_1_13' title="bbox 367 2502 670 2541">
     <span class='ocr_line' id='line_1_38' title="bbox 367 2502 670 2541; baseline 0.01 -3"><span class='ocrx_word' id='word_1_417' title='bbox 367 2502 450 2539; x_wconf 49' lang='grc' dir='ltr'>Ἥ)</span> <span class='ocrx_word' id='word_1_418' title='bbox 473 2511 535 2540; x_wconf 56' lang='lat' dir='ltr'>pag·</span> <span class='ocrx_word' id='word_1_419' title='bbox 552 2513 599 2541; x_wconf 84' lang='lat'>75·</span> <span class='ocrx_word' id='word_1_420' title='bbox 624 2505 670 2541; x_wconf 80' lang='lat'>7⁶,</span> 
     </span>
    </p>
   </div>
  </div>
 </body>
</html>
