2003 2748
326 98 519 179 334..
723 117 731 121 *¹
844 127 1410 177 LJB.1V:CQ.R;

323 240 411 277 nem
432 238 518 264 vero
541 227 660 264 minus
676 253 686 269 ,
719 237 831 276 quam
850 226 967 275 prima
989 225 1228 276 protenditur.
1265 225 1308 271 In
1333 238 1413 264 eam
1436 224 1558 276 plures
1583 226 1799 279 plerumque
1825 231 1922 270 min-IL

325 288 407 334 culi,
433 287 492 332 sed
519 287 678 323 minores
704 285 738 330 se
764 287 974 328 inmittunt,
1010 285 1054 322 ad
1082 293 1237 334 quatuor
1266 286 1400 336 usque,
1440 299 1599 336 quorum
1617 291 1679 337 qui
1708 291 1919 338 primaeva}-

324 348 415 385 vulae
439 347 590 395 propior
619 345 689 388 est,
724 345 822 382 idem
850 347 887 382 in
919 358 997 383 eam
1028 345 1168 394 aliquos
1196 347 1302 383 etiam
1330 347 1495 383 tendines
1526 347 1654 396 infigit.
1691 348 1778 386 Vidi
1799 356 1921 387 tamen-

325 409 431 443 etiam
453 406 538 443 huic
561 405 708 443 valvulae
733 406 907 447 unicum,
940 404 999 442 sed
1020 417 1195 453 magnum
1220 405 1422 443 musculum
1447 405 1547 444 fuisse
1563 435 1572 450 ,
1605 415 1665 445 aut
1693 420 1778 445 cum
1807 410 1922 447 corni-

323 472 359 502 te
380 464 491 501 altero
507 493 515 505 ,
552 472 612 501 aut
633 464 725 502 duos
752 467 922 501 minores.
954 463 1048 501 Alias
1069 464 1201 513 absque
1221 464 1384 502 musculo
1411 466 1572 503 tendinei
1595 466 1747 505 funiculi
1774 479 1820 504 ex
1841 479 1923 505 cor-

325 524 378 561 dis
400 525 593 573 pririetibus
621 525 658 560 in
685 523 779 561 hanc
809 524 985 561 valvulam
1010 524 1152 566 abeunt.

385 583 508 620 Tertia
534 583 673 620 valvula
694 581 866 630 posterior
891 582 962 620 five
976 582 1071 631 septi
1100 583 1213 620 cordis
1229 611 1239 625 ‚
1272 585 1395 632 potius
1427 583 1615 634 aliquanto·
1639 586 1753 634 priori
1782 585 1892 622 latior
1908 613 1919 628 ‚

326 655 345 681 a
369 644 499 692 prioris
528 644 686 679 termino
716 643 862 691 incipit,
895 655 965 692 qua
993 642 1132 691 septum
1162 642 1282 679 cordis
1309 655 1327 679 a
1356 644 1550 691 parietibus
1579 646 1655 692 ejus
1686 644 1826 682 visceris
1853 645 1924 693 pri-

325 714 430 740 mum
455 701 612 739 discedit.
647 701 735 739 Inde
759 701 956 739 secundum
978 701 1014 737 id
1037 701 1175 750 septum
1200 701 1243 738 ad
1270 704 1404 738 arteriae
1425 702 1642 751 pulmonalis
1671 704 1803 741 ostium
1826 715 1921 752 pene

327 761 371 800 ad
395 760 696 811 perpendiculum
716 760 906 798 adscendit.
942 759 1056 798 Etiam
1083 760 1189 808 hujus
1214 760 1363 800 valvulae
1390 773 1464 798 non
1493 761 1660 800 rarissime
1684 763 1803 801 nullus
1831 759 1929 800 mus-

327 821 430 859 culus
456 821 529 864 est,
565 821 602 858 &
638 819 821 858 numerosi
850 820 1016 858 tendines
1050 819 1181 869 absque
1214 820 1407 870 conspicua
1441 811 1571 870 papilia
1598 833 1724 859 carnea
1751 833 1796 859 ex
1821 820 1923 871 septo

332 881 454 918 cordis
482 882 554 917 nati
584 882 825 918 immittuntur.
863 879 957 918 Alias
992 889 1113 916 tamen
1143 879 1179 916 &
1207 878 1277 928 ipsa
1306 880 1363 917 vel
1391 893 1507 918 unum
1536 880 1740 919 musculum
1767 892 1850 919 cum
1875 880 1927 918 se-

330 940 449 978 cunda
467 939 605 977 valvula
622 951 859 977 communem
879 939 1022 981 habuit,
1050 939 1108 976 vel
1131 939 1306 986 majorem
1319 967 1327 982 ,
1344 951 1429 977 cum
1446 939 1558 977 altero
1571 942 1716 983 minori,
1741 947 1780 978 ut
1796 951 1930 978 eorum

330 1001 462 1036 iterum
480 1000 638 1048 priorem
658 1011 744 1036 cum
760 998 897 1035 valvula
920 997 1072 1036 secunda
1104 999 1314 1047 partiretur,
1352 998 1503 1036 alterum
1522 1001 1711 1049 proprium
1741 1001 1920 1038 retineret.

329 1057 419 1095 Vidi
441 1057 590 1096 demum
607 1058 701 1095 hanc
721 1057 898 1096 valvulam
926 1059 1082 1096 omnino
1112 1055 1278 1100 defuisse,
1313 1067 1354 1096 ut
1382 1058 1469 1096 duas
1486 1086 1495 1101 ,
1530 1071 1599 1109 pro
1621 1060 1735 1098 tribus
1761 1069 1933 1097 numera*

330 1129 369 1155 re
402 1116 538 1154 neceffe
574 1117 678 1155 foret.

390 1175 555 1214 Aliorum
577 1177 792 1226 scriptorum
812 1176 1068 1226 descriptiones
1091 1177 1204 1219 varia,
1238 1187 1256 1213 a
1278 1178 1368 1214 meis
1389 1175 1501 1214 aliena
1526 1177 1684 1221 habent,
1718 1177 1844 1227 procul
1860 1176 1926 1214 du-

333 1237 397 1273 bio
419 1248 462 1273 ex
484 1237 655 1285 peculiari
673 1235 803 1273 fabrica
824 1245 924 1279 nata,
958 1248 1038 1284 quae
1056 1234 1109 1273 Cl.
1136 1236 1217 1272 viris
1239 1237 1436 1273 occurrerit
1456 1237 1544 1283 (r).
1577 1237 1672 1275 Nam
1696 1238 1731 1273 &
1755 1236 1844 1272 mihi
1865 1237 1927 1272 tri-2

332 1296 400 1333 bus
427 1296 545 1344 plures
570 1296 712 1332 latiores
741 1295 936 1332 valvulosas
947 1294 1204 1343 produfflones
1235 1294 1357 1332 vidiffe
1383 1296 1564 1343 contigit,
1598 1303 1639 1333 ut
1662 1308 1707 1333 eo
1728 1295 1864 1332 facilius
1885 1293 1930 1331 fi-

334 1355 417 1393 dem
438 1355 587 1392 habeam
606 1354 698 1392 Viro
710 1353 760 1392 Ill.
786 1354 933 1391 Nicolao
954 1354 982 1391 R
999 1366 1023 1391 o
1037 1367 1051 1390 s
1065 1365 1084 1390 E
1101 1365 1124 1390 N
1141 1355 1158 1398 (
1173 1353 1219 1398 s)
1242 1355 1277 1390 ὃς
1301 1352 1342 1390 R.
1378 1352 1409 1402 J.
1451 1353 1643 1402 Crcff'centio
1664 1355 1733 1392 GA
1747 1367 1770 1391 R
1783 1367 1802 1391 E
1815 1366 1839 1391 N
1854 1365 1927 1391 GE-

333 1426 399 1451 OT
438 1414 538 1460 (t),
573 1417 634 1463 qui
658 1415 775 1451 dextri
795 1413 875 1450 ostii
913 1412 1034 1450 venofi
1068 1411 1223 1449 valvulas
1260 1411 1319 1449 sex
1356 1420 1570 1456 numerant,
1605 1421 1666 1451 aut
1698 1411 1728 1462 J
1769 1413 1930 1459 Benigno

332 1471 604 1511 Wmstow
630 1474 730 1520 (u),
768 1475 830 1522 qui
858 1470 1019 1509 minores
1047 1471 1203 1508 valvulas
1232 1472 1428 1519 majoribus
1459 1473 1642 1521 interponi
1672 1471 1802 1509 scribit.
1836 1471 1938 1509 Non⁴

333 1532 417 1569 ideo
442 1533 584 1582 penitus
605 1545 689 1570 cum
708 1531 758 1570 Ill.
795 1531 1067 1569 Archiatrorum
1084 1532 1221 1568 comite
1237 1559 1246 1572 ‚
1272 1530 1505 1574 consensero,
1540 1543 1602 1580 qui
1618 1544 1655 1569 re
1667 1538 1829 1569 accurate
1845 1543 1927 1567 exa-

336 1594 469 1630 minata
485 1594 646 1641 quinque
666 1592 732 1640 (x)
746 1591 899 1629 valvulas
917 1592 1064 1641 reperiri
1074 1589 1206 1639 scripfit
1219 1602 1338 1638 neque
1348 1602 1430 1628 cum
1449 1589 1501 1628 Cl.
1522 1589 1724 1629 Lteu‘rAUD
1743 1619 1752 1633 ,
1783 1591 1846 1640 qui
1858 1602 1926 1628 nu-

336 1663 398 1700 per
422 1651 642 1690 valvulosum
665 1651 812 1688 anulum
831 1653 985 1688 omnino
1011 1652 1048 1687 in
1069 1657 1139 1687 tres
1154 1658 1269 1699 partes
1291 1650 1403 1686 dividi
1421 1648 1518 1699 posse
1536 1652 1681 1699 negavit
1697 1653 1774 1698 (πήι
1789 1648 1818 1702 ).
1851 1649 1926 1687 Ne«

337 1722 407 1759 que
437 1710 617 1748 musculos
647 1711 831 1760 pupillares
864 1710 1021 1758 ejusdem
1051 1709 1167 1746 dextri
1198 1710 1277 1746 ostii
1313 1716 1475 1747 accurate
1511 1711 1642 1759 quinos
1674 1709 1767 1757 (y)
1799 1720 1928 1746 nume-

336 1781 482 1811 ravero,
519 1777 558 1806 ut
584 1769 715 1818 Caspar
735 1769 762 1807 Β
777 1782 798 1806 Α
813 1782 871 1806 RT
886 1783 911 1807 n
925 1782 980 1806 οι
996 1782 1007 1806 1
1023 1782 1047 1806 N
1064 1782 1085 1805 υ
1100 1783 1114 1806 s
1148 1769 1286 1806 Thomae
1309 1768 1343 1806 F.
1368 1777 1428 1806 aut
1454 1777 1608 1818 quatuor
1631 1769 1715 1817 (z)
1731 1797 1741 1811 ‚
1767 1778 1926 1817 quorum

338 1827 413 1866 duo
428 1830 463 1865 in
479 1827 578 1877 septo
592 1828 710 1865 cordis
725 1827 801 1869 fint,
823 1841 841 1864 e
853 1830 1002 1875 regione
1019 1828 1106 1869 duo,
1121 1835 1161 1864 ut
1175 1827 1368 1864 GAvE‘rus.
1404 1827 1539 1864 Natura
1555 1830 1651 1865 enim
1668 1827 1727 1864 hic
1738 1828 1775 1863 in
1796 1837 1926 1863 nume-

337 1900 379 1924 ro
405 1888 440 1924 &
465 1887 715 1936 magnitudine
733 1887 930 1935 plurimum
948 1885 1011 1922 sibi
1036 1888 1234 1935 permittit,
1269 1898 1387 1935 neque
1412 1887 1501 1923 intra
1519 1898 1691 1924 numeros
1710 1896 1731 1923 2
1746 1885 1782 1922 &
1803 1895 1819 1929 3
1839 1887 1856 1932 (
1872 1895 1892 1922 a
1908 1882 1925 1932 )

338 1945 584 1986 musculorum
619 1958 813 1985 numerum
844 1946 1065 1983 coercuerim
1081 1973 1091 1988 ‚
1126 1957 1244 1994 neque
1273 1947 1364 1983 intra
1382 1955 1407 1990 4
1429 1943 1486 1993 (h
1500 1946 1527 1992 ).
1562 1945 1658 1985 Octo
1677 1953 1771 1982 certe
1791 1944 1828 1981 &
1858 1955 1926 1980 no-

1840 2012 1924 2042 vem

341 2125 367 2156 T
380 2087 393 2121 (
403 2097 426 2158 Ir
448 2089 461 2125 )
485 2088 616 2119 Tendens
635 2088 686 2126 qui
696 2083 811 2126 Jbrtent
826 2084 859 2114 dc
877 2086 1007 2126 quelques
1026 2087 1150 2115 colonnes
1168 2082 1304 2124 disperfles
1317 2081 1373 2124 fiir
1391 2087 1426 2116 les
1442 2086 1538 2123 parvis
1551 2083 1572 2117 'S
1585 2095 1598 2115 a
1610 2094 1661 2116 »u
1675 2093 1693 2117 c
1712 2083 1746 2115 T.
1767 2082 1788 2114 Ι,
1806 2093 1835 2122 p.
1855 2090 1927 2120 214.

443 2139 512 2206 )pln
535 2135 697 2205 Ξέηιρεηᾱὶο
721 2169 878 2197 anatomici)
904 2167 1014 2198 suecice
1040 2168 1118 2199 edito
1139 2177 1168 2208 p.
1189 2176 1257 2203 295.
1715 2157 1722 2162 ”

447 2212 457 2238 δ
481 2210 704 2246 Splnnclmologie
719 2209 756 2240 T.
775 2209 811 2240 ii.
836 2219 866 2246 p,
896 2215 962 2247 387.
1166 2208 1241 2245 (u)
1262 2207 1280 2238 l.
1301 2216 1325 2239 c.
1356 2217 1385 2239 n.
1416 2210 1463 2238 60,

449 2252 463 2289 )
486 2251 499 2280 Ι.
529 2261 553 2281 c„
574 2260 601 2288 p.
626 2259 692 2285 2¹3-

437 2295 448 2306 *
473 2294 484 2328 )
505 2292 522 2320 Ι.
542 2303 557 2322 c
590 2301 618 2328 1).
648 2299 712 2327 320.

448 2334 461 2369 )
484 2333 595 2368 Specim.
613 2338 690 2359 anat.
720 2340 746 2367 p.
772 2330 819 2361 66.

448 2374 461 2409 )
488 2374 557 2402 Nou.
581 2370 649 2408 febr.
670 2372 736 2401 Idea
757 2381 784 2408 p.
812 2380 838 2409 4.
863 2371 935 2409 seqq.

447 2411 725 2451 )Vizussms
750 2411 766 2440 l.
790 2421 813 2440 c.
846 2422 871 2449 p.
900 2423 948 2451 99.

450 2453 629 2493 )qu1ic
649 2451 666 2482 1.
690 2461 713 2482 c.
740 2461 767 2490 p.
788 2462 855 2484 200.

382 2171 422 2206 (s

384 2212 428 2244 (t

381 2253 434 2289 (x

384 2296 432 2329 (x

384 2335 431 2371 (y

384 2375 431 2410 (z

384 2415 429 2451 (a

385 2457 431 2494 (h
