2003 2748
286 151 375 189 450
571 157 575 160 ·
807 140 1131 183 LJB.IV.
1199 142 1379 186 COR·

287 237 400 276 nistro
425 237 617 287 superatur.
652 235 736 285 Ejus
762 239 862 276 enim
882 239 970 278 basis
1001 241 1050 279 est
1072 248 1181 279 aortae
1202 241 1329 281 lumen
1344 272 1355 286 ,
1390 240 1547 282 altitudo
1564 255 1630 294 per
1641 245 1758 286 modo
1785 248 1898 289 disto&

294 309 308 335 1
321 309 356 343 7.
380 303 444 343 76.
473 297 642 335 Solidum
664 297 755 335 adeo
772 298 835 336 fiet
854 310 878 344 7
893 299 922 337 ¹⁹.
942 307 1051 346 4361
1068 313 1081 336 1
1094 311 1115 339 2
1129 330 1139 345 ‚
1175 304 1277 351 cujus
1298 303 1446 354 pondus
1465 305 1515 343 est
1530 306 1694 358 quinque
1707 310 1898 349 unciarum

288 356 304 409 (
323 369 340 394 0
355 357 374 403 )
391 384 400 398 ‚
434 369 514 406 quae
536 358 609 394 vim
630 357 751 395 cordis
781 357 906 397 smistri
931 363 1140 399 metiuntur.

345 415 430 453 Alio
454 418 562 453 etiam
589 417 705 455 modo
733 419 905 456 eumdem
933 421 1113 459 calculum
1141 422 1285 472 posuit,
1319 422 1505 473 aliquanto
1535 424 1696 466 faciliori.
1745 426 1900 477 Sanguis

284 487 419 524 nempe
448 476 492 513 de
517 476 617 515 iliaca
635 479 761 515 arteria
780 480 854 516 vivi
878 482 1040 519 aninmlis
1062 481 1187 520 saliens
1203 512 1213 526 ‚
1248 487 1426 533 percurrit
1451 485 1683 535 parabolam,
1723 499 1803 537 quae
1830 487 1901 527 ho-

283 536 469 573 rizontem
487 536 598 580 secat,
622 537 667 575 ad
689 538 889 577 distantiam
910 544 1019 579 trium
1040 543 1205 591 peduma
1230 544 1521 593 perpendiculari
1541 546 1634 584 linea
1656 545 1738 596 (p)
1757 559 1802 584 ex
1818 559 1902 585 cor-

285 594 331 631 de
360 595 472 633 dueta.
511 596 600 634 Inde
616 597 767 635 conficit
789 598 893 637 Idem
908 600 974 639 Vir
1001 601 1054 640 Cl.
1083 603 1318 652 sanguinem,
1344 605 1388 642 ab
1404 604 1594 644 altitudine
1621 617 1635 641 1
1652 617 1666 641 1
1693 606 1899 655 digitorum

285 666 371 693 cum
393 655 548 694 dimidio
576 657 788 702 cadentem,
812 660 1001 710 adquirere
1031 675 1110 700 eam
1137 664 1370 701 velocitatem
1385 692 1396 708 ,
1426 675 1512 701 curn
1537 677 1607 714 qua
1627 677 1672 703 ex
1684 666 1796 704 corde
1812 679 1899 717 pro-

283 714 440 765 pellitur.
475 714 611 754 Eadem
631 718 786 756 altitudo
812 720 867 757 bis
889 721 1002 759 sumta
1026 722 1086 759 dat
1103 723 1377 771 longitudinem
1397 723 1576 773 cylindri,
1611 726 1713 773 cujus
1738 726 1827 764 basis
1847 727 1898 765 est

284 782 394 813 aortae
409 775 553 820 ostium,
572 778 609 815 &
621 779 723 826 cujus
739 779 886 828 pondus
899 781 948 819 est
961 783 1012 818 vis
1029 782 1162 826 cordis,
1182 796 1259 821 non
1271 785 1387 832 major
1398 792 1494 822 certe
1506 813 1515 827 ‚
1538 796 1646 834 quarn
1661 792 1817 834 quatuor
1827 795 1898 824 ter-

283 836 416 874 tiarum
430 838 590 886 partium
605 840 719 876 unciae
735 841 772 875 in
785 852 873 878 cane
884 870 894 884 ‚
919 849 959 879 ut
972 843 1007 879 Sc
1019 845 1055 880 in
1072 843 1222 881 homine
1239 843 1283 883 ad
1316 844 1400 883 ot‘ro
1419 845 1542 885 uncias
1553 873 1564 889 ,
1589 856 1635 885 ex
1651 857 1751 898 aequa
1761 858 1900 897 conpau¹

284 897 426 933 ratione
444 908 529 934 cum
544 900 681 935 minori
701 900 845 938 animali
858 930 867 943 ,
902 902 1066 940 aestimari
1092 903 1207 953 poffit.

343 954 502 1006 Exposui
528 955 561 995 K
578 962 905 998 Eirirrationes.
940 960 984 998 Et
1010 964 1047 1000 in
1065 965 1255 1012 posteriori
1283 965 1431 1014 quidem
1460 965 1601 1004 calculo
1627 965 1731 1005 saltus
1752 965 1898 1016 sangui-‘

282 1016 339 1052 nis
361 1018 518 1054 omnino
541 1029 620 1055 non
647 1018 739 1055 recle
766 1020 999 1059 mensuratur.
1037 1022 1134 1060 Nam
1157 1036 1202 1061 ex
1223 1024 1322 1062 iliaca
1347 1025 1498 1075 quidem
1523 1027 1649 1064 arteria
1674 1028 1811 1065 minori
1836 1038 1897 1065 ce-

280 1075 419 1113 leritate
439 1076 580 1125 sanguis
599 1078 814 1127 propellitur
827 1109 836 1122 ,
873 1092 982 1130 quam
1001 1094 1048 1119 ex
1073 1084 1205 1121 corde:
1239 1085 1275 1121 δε
1293 1087 1541 1135 experimenta
1567 1098 1647 1124 mea
1665 1086 1899 1137 aliorumque

281 1137 447 1173 virorum
467 1136 580 1186 longe
601 1139 756 1185 majores
775 1139 881 1177 saltus
897 1169 907 1184 ‚
943 1149 1050 1192 atque
1071 1144 1162 1181 adeo
1193 1146 1368 1192 majorem
1392 1147 1499 1183 etiam
1531 1148 1606 1184 vim
1625 1146 1810 1201 sangumiq
1833 1157 1898 1185 ex-

281 1194 419 1233 hibent.
461 1195 632 1245 Georgius
659 1198 809 1236 MART
824 1212 835 1236 1
853 1212 876 1237 N
893 1212 912 1236 E
944 1202 1069 1240 [altum
1092 1216 1137 1242 ex
1150 1216 1257 1247 cane,
1286 1205 1331 1242 ad
1357 1205 1549 1244 hominem
1570 1207 1773 1245 traductum
1789 1235 1799 1250 ‚
1832 1205 1896 1244 de-

282 1266 363 1293 cem
384 1255 570 1294 aestimavit
590 1258 729 1307 pedum
750 1259 804 1307 (q
819 1261 845 1305 ).
881 1258 962 1308 Ego
988 1275 1074 1300 vero
1106 1266 1282 1312 exiguum
1297 1277 1438 1302 ramum
1455 1293 1465 1308 ,
1499 1278 1610 1316 quem
1626 1268 1751 1304 arteria
1775 1277 1892 1303 mam-

280 1316 392 1353 maria
419 1316 464 1353 ad
488 1316 669 1355 musculos
690 1318 935 1357 intercostales
957 1323 994 1358 in
1018 1335 1105 1360 cane
1139 1336 1255 1373 parvae
1279 1324 1417 1362 staturae
1444 1327 1581 1369 mittit,
1620 1326 1695 1363 vidi
1720 1323 1895 1363 exfiluiffe

279 1374 362 1413 alias
383 1375 429 1413 ad
455 1383 525 1414 tres
549 1377 659 1426 pedes
673 1406 682 1420 ,
718 1380 843 1416 uncias
870 1390 1027 1428 quatuor
1048 1383 1103 1430 (r
1118 1384 1136 1430 )
1151 1413 1160 1426 ‚
1191 1384 1272 1421 alias
1294 1384 1338 1422 ad
1366 1384 1425 1427 sex
1450 1384 1588 1434 pedum
1603 1413 1614 1428 ,
1653 1385 1690 1423 &
1709 1384 1770 1423 sex
1785 1385 1895 1435 polli-

279 1446 365 1472 cum
393 1435 478 1484 (s)
511 1436 722 1475 distantiam.
770 1438 899 1477 Multis
924 1441 1017 1480 adeo
1043 1444 1183 1486 vicibus
1208 1443 1334 1481 saltum
1356 1446 1394 1481 in
1418 1443 1772 1494 hominemajorem
1800 1444 1895 1484 sumi

279 1494 414 1533 debere
428 1495 586 1545 adparet,
605 1509 713 1548 quam
725 1498 809 1542 fecit
820 1497 987 1544 Kfflmus
1005 1505 1069 1550 (t),
1089 1505 1152 1553 qui
1167 1506 1204 1542 iu
1217 1506 1348 1552 maj0ri
1359 1505 1483 1542 arteria
1499 1507 1683 1543 minorem
1695 1505 1780 1543 fecit
1793 1507 1811 1552 (
1824 1502 1889 1554 u).

335 1554 394 1593 Ad
417 1557 580 1606 priorem
610 1558 790 1597 calculum
819 1560 931 1606 multa
954 1563 1061 1607 etiam
1087 1564 1180 1602 recle
1203 1572 1416 1603 monentur.
1449 1564 1506 1615 Ju
1520 1578 1543 1602 R
1558 1578 1569 1602 1
1585 1577 1608 1602 N
1623 1577 1674 1602 us
1705 1565 1798 1614 (u)
1819 1564 1892 1615 pri-

277 1627 383 1653 mum
412 1607 647 1655 corollarium
672 1617 827 1656 Nssww
842 1632 866 1657 o
883 1632 906 1657 N
924 1632 934 1657 1
951 1635 971 1659 Α
989 1635 1014 1659 N
1034 1635 1055 1660 υ
1071 1635 1101 1660 Μ
1131 1623 1224 1662 reste
1254 1624 1460 1662 adhibitum
1492 1623 1559 1662 effe
1589 1633 1699 1674 negat
1715 1654 1724 1668 ,
1770 1635 1892 1675 neque

276 1676 430 1723 probat,
470 1677 572 1726 quod
592 1678 762 1716 velocitas
784 1687 866 1717 toto
887 1687 1054 1731 tempore
1071 1683 1216 1733 systoles
1232 1685 1386 1734 aequaelis
1407 1693 1573 1734 ponatur.
1614 1684 1684 1722 Sed
1711 1686 1818 1722 etiam
1835 1686 1893 1735 ip-

278 1734 357 1771 sum
374 1734 412 1772 N
427 1747 447 1772 E
458 1748 495 1773 w
507 1748 531 1773 T
542 1749 566 1775 o
581 1749 604 1774 N
624 1750 636 1774 1
672 1739 907 1777 corollarium
931 1741 1062 1779 Petrus
1089 1743 1263 1782 Antonius
1295 1742 1340 1782 M
1357 1757 1369 1781 1
1385 1756 1405 1782 c
1419 1757 1443 1781 H
1456 1757 1476 1782 ε
1490 1757 1508 1781 L
1524 1757 1547 1782 o
1561 1757 1585 1781 T
1598 1756 1622 1781 T
1635 1758 1657 1783 υ
1671 1758 1685 1782 s
1718 1748 1773 1792 (x
1788 1745 1808 1791 )
1834 1756 1889 1782 re-

276 1794 387 1841 jecit,
421 1807 541 1843 neque
568 1796 752 1844 duplicem
774 1799 1026 1843 altitudinem,
1059 1802 1117 1840 sed
1135 1802 1335 1852 fimplicem
1363 1805 1519 1842 omnino
1537 1834 1546 1847 ‚
1581 1817 1666 1842 cum
1683 1803 1889 1840 BERNOUL-

278 1865 347 1892 110
369 1853 513 1904 aliisque
530 1854 631 1893 claris
649 1857 731 1894 viris
754 1858 839 1907 (y)
867 1857 960 1896 sumi
981 1860 1080 1903 vult,
1114 1873 1194 1914 quae
1221 1863 1371 1914 quidem
1393 1861 1548 1899 difficilis
1571 1863 1720 1916 quaestio
1741 1862 1801 1900 hic
1826 1862 1889 1899 de·

1793 1920 1889 1959 finiri

317 1971 391 2009 (⁰)
413 1970 487 2002 Ibid.
513 1982 541 2011 Ρ,
568 1980 613 2011 <sn

317 2012 393 2050 (p)
417 2023 444 2052 p.
468 2014 514 2047 56-
548 2015 636 2045 Aliter
660 2014 705 2046 111.
724 2015 773 2046 Vir
792 2016 826 2047 D.
855 2017 1067 2049 Bam-our
1082 2028 1184 2051 zius
1208 2019 1419 2050 determinavit.
1456 2019 1498 2050 Sit
1521 2018 1595 2050 linea
1618 2019 1760 2050 verticalis
1785 2016 1823 2048 A.
1853 2020 1887 2066 β.

276 2055 310 2085 fit
331 2055 518 2085 horizontalis
548 2056 578 2086 B.
606 2056 639 2086 D.
666 2057 699 2087 sit
721 2068 825 2096 corpus
848 2061 1009 2098 projeaum
1031 2071 1066 2090 ex
1093 2064 1115 2092 A
1140 2062 1170 2092 in
1190 2061 1224 2092 D.
1257 2062 1329 2092 Dico
1357 2061 1541 2092 altitudinem
1567 2061 1693 2093 debitam
1716 2059 1882 2098 velocitati,

277 2123 334 2152 qua
352 2124 455 2153 corpus
478 2124 512 2144 ex
534 2115 555 2145 A
572 2117 736 2153 projectum
758 2117 816 2150 est,
839 2117 912 2155 ess'e,
941 2120 1001 2151 fere
1019 2101 1117 2176 {fl}
1132 2122 1368 2160 hydrodynamic.
1391 2131 1418 2160 p.
1446 2131 1491 2161 530

318 2172 329 2208 (
346 2184 363 2212 q
380 2175 393 2211 )
418 2175 460 2203 De
480 2175 626 2204 animalib.
640 2175 760 2214 finxisih.
777 2187 805 2215 p.
837 2187 882 2214 35.

318 2214 331 2250 (
352 2225 367 2243 r
384 2215 396 2252 )
420 2216 526 2264 Sefr'nzd
545 2218 670 2247 Memoir.
686 2215 743 2256 sur
763 2219 786 2247 le
807 2227 988 2251 mvuvemmt
1008 2222 1049 2251 du
1062 2218 1147 2262 fimg.
1176 2225 1246 2261 Exp.
1275 2231 1323 2260 43.

317 2255 332 2331 ἓ
352 2256 399 2333 st}
417 2255 726 2330 &iiimfflnil'nsisaereste
746 2301 818 2331 vidit
843 2301 876 2332 G.
906 2302 930 2333 C
943 2312 964 2334 Η
980 2313 1020 2335 as
1033 2314 1049 2335 Β
1061 2315 1078 2335 ι.
1091 2315 1137 2337 ωε
1152 2315 1172 2335 N
1186 2329 1196 2343 ,
1219 2306 1268 2345 qui
1287 2315 1325 2336 ex
1343 2311 1423 2337 aorta
1440 2305 1517 2338 canis
1537 2314 1573 2337 ne
1592 2305 1710 2344 quidem
1729 2304 1764 2336 ad
1779 2305 1894 2344 pedem‘

277 2336 422 2376 profiliisse
445 2340 544 2367 auctor
569 2340 608 2368 est
631 2339 648 2369 l.
667 2350 691 2370 c.
720 2352 746 2377 p.
770 2353 835 2380 ¹97·
1608 2367 1609 2370 ¹

319 2378 399 2414 (u)
422 2380 490 2417 Dis).
516 2379 768 2417 phyfimanathem.
789 2393 818 2421 p.
848 2388 896 2421 69.

319 2420 330 2454 (
350 2420 399 2457 x)
422 2422 466 2449 De
483 2417 607 2458 stparat.
626 2423 738 2458 fluidor
759 2434 783 2461 p.
819 2435 829 2454 1
842 2436 848 2451 ι
861 2435 883 2456 r.

319 2460 367 2498 (3
384 2461 398 2498 ,Ὗ
421 2460 453 2490 Μ
465 2462 485 2490 U
496 2471 508 2491 S
523 2470 540 2491 C
552 2470 573 2491 H
586 2471 600 2491 Ε
614 2471 635 2492 N
650 2474 665 2492 B
677 2473 725 2493 ΚΟ
740 2475 753 2493 Β
767 2474 784 2494 C
796 2475 816 2494 K
837 2463 921 2503 &hyr
944 2478 971 2506 p.
999 2475 1064 2506 384.
1093 2469 1231 2502 Defendit
1259 2481 1327 2502 vero
1347 2472 1377 2502 id
1399 2471 1579 2502 corollarium
1602 2473 1729 2509 Jacohus
1745 2470 1878 2509 Jvsslfi.

278 2501 352 2535 Phil.
380 2499 539 2544 TrmglI-Vn.
567 2513 638 2544 452.
662 2506 690 2538 &
705 2506 870 2539 Richardus
883 2508 913 2541 fl
923 2518 940 2541 Β
953 2520 970 2541 ι.
982 2519 995 2544 s
1007 2521 1032 2543 fl
1047 2522 1068 2544 A
1079 2522 1104 2544 M
1131 2514 1162 2547 in
1183 2516 1293 2554 append
1312 2517 1350 2547 aci
1357 2513 1543 2554 praelecvoms
1553 2511 1637 2553 suns.
