2003 2748
314 143 367 185 36·
822 134 1108 180 LIBI‘I.
1173 133 1403 177 VASA:

312 235 421 274 efficit
432 234 446 278 ,⁴
477 238 581 283 cujus
603 232 694 276 trem
728 233 875 283 quando
897 247 1040 284 paucae,
1070 234 1284 272 direfflones
1302 233 1403 272 sunt:
1438 234 1548 273 alium
1563 234 1756 274 anfrac‘rum
1771 234 1909 287 partin}

307 296 372 335 sub
397 295 548 337 atlante,
583 295 713 342 partim
732 295 770 331 in
792 295 867 341 ejus
893 294 992 332 sulco
1012 295 1216 332 vertebralis
1242 296 1366 332 arteria
1387 292 1402 338 (
1422 301 1466 342 c)
1494 296 1681 344 percurrit.
1724 292 1840 335 Etiam
1860 297 1910 334 is-

309 361 359 392 tas
386 355 560 395 flexiones
579 352 746 391 cenulosa
767 354 836 391 tela
860 353 945 391 facit
959 382 971 396 ,
1007 356 1214 392 evanituros
1231 382 1241 397 ,
1278 353 1303 390 fi
1326 365 1403 391 eam
1427 354 1618 392 abstuleris.

858 465 889 507 ἓ.
916 461 1055 501 XXIV
1098 459 1348 517 Anastomoses.

365 569 602 625 Anastomoses
624 582 723 609 nunc
752 564 940 614 dicemus}
984 570 1056 608 five
1084 572 1292 608 arteriarum
1313 572 1405 608 inter
1426 568 1458 608 se
1483 571 1758 619 conjunffiones
1775 601 1785 615 ‚
1821 585 1909 623 quae‘

303 631 395 668 fiunt
422 638 483 668 aut
509 633 645 674 truncis
670 632 709 667 in
741 642 857 669 unum
885 631 1101 669 coeuntibus
1120 659 1130 674 ‚
1162 638 1223 667 aut
1250 642 1353 668 ramo
1383 632 1609 669 intermedio·
1629 632 1722 669 duos
1749 642 1906 671 truncos-

302 691 563 738 conjungente.
609 688 750 727 Harum
784 691 967 728 unionum
991 701 1114 740 paucae
1140 689 1230 726 olim
1250 690 1407 738 cognitae
1430 689 1602 733 fuerunt,
1643 703 1766 735 nunc,
1801 693 1907 741 post-r

303 760 413 797 quam
436 757 626 791 anatome,
661 749 697 785 δι
724 746 877 797 repletio
899 761 1042 787 ceracea
1067 748 1291 797 frequentius
1316 755 1503 787 exercetur
1522 777 1532 792 ,
1576 751 1615 787 in
1640 758 1721 788 toto
1743 762 1901 801 corpore

301 807 465 846 humano
489 820 572 845 vere
596 820 695 847 unusv
715 807 906 846 consensus
935 808 973 845 &
1002 821 1074 846 una
1099 807 1317 858 conspiratio
1345 807 1482 846 deteaa
1508 808 1568 845 est.

360 866 452 905 Duo
477 869 596 906 trunci
631 868 784 915 majores
815 869 855 906 in
890 879 1014 906 unum
1043 867 1088 906 ad
1123 875 1272 905 acutum
1303 867 1479 916 angulum
1505 867 1698 906 confluunt
1725 870 1763 906 in
1788 868 1864 907 fetu
1882 896 1901 912 ,»

301 926 449 975 quando
474 928 609 964 arteriae
630 923 850 975 pulmonalis
878 927 1080 976 productus.
1102 933 1266 965 truncus*
1285 939 1370 964 cum
1403 936 1503 964 aorta
1529 929 1566 964 in
1591 940 1702 965 unam
1731 930 1896 965 arteriam

300 985 477 1023 dorsalem
498 985 674 1029 confluit,
719 993 799 1023 tum
824 987 863 1023 in
886 985 1038 1024 homine
1053 1015 1064 1030 ‚
1106 992 1186 1023 tum
1208 987 1247 1024 in
1274 986 1399 1023 avibus
1424 987 1588 1034 inprimis
1603 1015 1612 1029 ,
1656 987 1788 1036 quibus
1814 987 1902 1025 lon--

297 1046 380 1093 gius
400 1044 445 1082 ad
470 1045 768 1093 conjunsstionem
794 1056 879 1083 cum
903 1052 1002 1084 aorta
1030 1044 1261 1094 pulmonalis.
1285 1046 1414 1082 arteria
1435 1044 1659 1093 producitur.
1694 1044 1738 1083 In
1760 1047 1898 1084 anima·-

297 1105 391 1141 libus
415 1105 571 1153 oviparis
591 1104 713 1153 frigidi
739 1103 921 1152 sanguinis
936 1133 946 1147 ,
983 1103 1063 1142 duo
1089 1105 1213 1141 trunci
1237 1105 1365 1141 aortici
1394 1105 1432 1141 in
1459 1103 1655 1142 abdomine
1682 1106 1720 1142 in
1742 1108 1901 1145 unicum

298 1171 468 1201 truncum
491 1162 665 1214 coeunt(
684 1163 707 1201 d
725 1161 762 1211 );
792 1163 829 1200 &
847 1161 960 1202 fimile
982 1163 1194 1212 exemplum
1215 1163 1264 1200 est
1287 1163 1541 1202 vertebralium
1557 1166 1787 1209 arteriarum,
1813 1178 1892 1215 quae

297 1222 476 1260 notissima
501 1225 539 1261 in
561 1230 675 1272 ponte
698 1221 896 1260 Varoliano
923 1224 1060 1260 unione
1087 1225 1126 1259 in
1157 1224 1273 1260 unuin
1304 1234 1544 1260 communem
1564 1225 1901 1263 truncumrconfluff

296 1290 372 1320 unt.
408 1282 536 1324 Aliud,
568 1284 661 1319 inter
681 1283 842 1318 minores
865 1281 1076 1325 trunculos,
1108 1281 1318 1330 exemplum
1343 1282 1393 1319 est
1419 1283 1458 1318 in
1468 1283 1602 1319 arteriis
1621 1282 1812 1332 spinalibus
1828 1296 1893 1321 an-

295 1342 498 1382 terioribus.
534 1341 631 1379 Nam
654 1342 761 1378 etiam
786 1340 857 1378 istae
879 1342 1030 1379 unicum
1051 1343 1090 1378 in
1122 1340 1334 1379 trunculum
1358 1342 1397 1378 in
1417 1342 1599 1391 principio
1629 1342 1797 1380 medullae
1821 1342 1897 1393 spi«

294 1403 384 1439 nalis
417 1402 552 1438 abeunt
583 1400 634 1449 (e
649 1400 678 1447 ).

353 1460 592 1510 Frequentius
613 1459 663 1496 est
678 1488 688 1501 ‚
725 1459 817 1497 duos
841 1465 991 1498 truncos
1015 1460 1110 1497 uniri
1129 1459 1277 1508 quidem
1292 1487 1301 1501 ‚
1343 1460 1390 1496 ita
1408 1465 1528 1497 tamen
1543 1489 1552 1504 ,
1592 1467 1633 1498 ut
1653 1473 1672 1498 e
1692 1461 1831 1499 diverso
1846 1461 1888 1499 fi-

294 1522 331 1557 bi
351 1528 525 1558 occurant
545 1548 554 1562 ,
598 1527 705 1568 atque
728 1517 807 1555 finis
827 1519 1012 1569 angustior
1037 1521 1167 1568 prioris
1189 1519 1322 1556 arteriae
1343 1521 1382 1556 in
1411 1520 1658 1567 angustiorem
1684 1522 1815 1569 pariter
1840 1521 1883 1558 fi-

291 1592 377 1617 nem
406 1579 548 1632 alterius
577 1579 625 1615 ita
642 1579 875 1617 continuetur
889 1607 899 1621 ‚
933 1585 973 1615 ut
996 1580 1175 1616 contraria
1197 1577 1330 1616 fluenta
1352 1578 1533 1626 sanguinis
1548 1577 1612 1616 fibi
1629 1579 1774 1618 obviam
1792 1587 1889 1618 eant?

291 1638 478 1687 Ejusmodi
507 1639 640 1676 arteriae
666 1637 905 1675 mesentericae
929 1637 1123 1686 superioris
1142 1665 1152 1680 ‚
1200 1637 1345 1686 ejusque
1374 1639 1463 1674 rami
1488 1638 1596 1675 colici
1624 1639 1765 1681 medii,
1800 1651 1886 1677 cum

291 1710 394 1736 ramo
426 1697 665 1735 adscendente
698 1696 923 1734 mesocolicae
953 1696 1095 1734 finistrae
1124 1698 1257 1734 arteriae
1286 1709 1387 1734 arcus
1411 1696 1460 1733 est
1485 1695 1590 1746 (f),
1626 1698 1669 1734 ab
1699 1697 1813 1746 anglis
1849 1710 1888 1735 a·

292 1758 483 1795 natomicis
506 1756 644 1794 dudum
673 1756 845 1793 laudatus.
881 1754 1024 1794 Verum
1046 1758 1074 1793 is
1090 1769 1184 1793 unus
1206 1756 1255 1792 est
1276 1767 1322 1792 ex
1349 1755 1483 1793 multis.-
1515 1755 1613 1793 Nam
1633 1756 1810 1804 ejusmodi
1831 1770 1884 1794 ar-

292 1830 354 1856 cus
387 1828 479 1865 aegre
507 1815 748 1853 numerabiles
773 1816 816 1852 ab
840 1815 915 1864 ipso
948 1815 1151 1852 ventriculo
1177 1815 1221 1852 ad
1247 1815 1418 1852 ultimum
1446 1815 1655 1853 intestinum
1688 1815 1799 1865 usque
1828 1829 1884 1854 re-

288 1879 487 1927 periuntur.
522 1874 566 1912 Et
589 1876 709 1923 primo
732 1873 1341 1922 gastroepiploicadextrafinistrae
1362 1876 1520 1910 occurrit
1540 1874 1648 1922 (g):
1683 1881 1771 1912 tunc
1794 1875 1882 1912 dex-

291 1945 351 1974 trae
368 1935 500 1973 surculi
519 1933 790 1982 cumpyloricis
805 1962 815 1974 ,
852 1932 906 1970 hae
928 1945 1013 1974 cum
1035 1933 1263 1982 pancreatico
1279 1931 1476 1970 duodenali
1496 1931 1577 1979 (h)
1592 1961 1601 1975 ,
1637 1932 1806 1971 duodena
1825 1934 1881 1973 su-

288 1997 409 2046 perior
432 2006 519 2032 cum
546 1993 672 2031 eadem
687 2020 696 2035 ,
732 2004 842 2043 quam
870 2005 969 2031 nunc
992 1992 1069 2030 dixi
1094 1993 1141 2040 (i
1161 1992 1206 2042 >,
1241 1992 1387 2035 arteria,
1427 2004 1467 2030 ea
1488 2003 1576 2029 vero
1602 2004 1688 2030 cum
1705 1993 1880 2031 mesente-

1794 2065 1876 2092 ricae

328 2169 393 2205 (c)
415 2169 495 2199 ldem
519 2168 587 2198 ibid.
614 2177 641 2197 n.
665 2177 710 2205 15.
751 2166 827 2207 fasc„
852 2169 923 2197 icon.
957 2173 1034 2197 anat.
1058 2166 1105 2203 m.
1144 2168 1180 2198 T.
1210 2172 1266 2198 art.
1299 2169 1437 2206 thyreot'd.
1457 2166 1512 2206 ins.
1553 2166 1873 2206 Ηιωικετιιζιπ

283 2212 318 2240 dr
357 2220 397 2240 ex.
425 2217 482 2238 art.
516 2232 533 2238 γ.
563 2218 608 2246 14.

325 2214 371 2287 (fid
386 2252 398 2287 )
420 2250 445 2280 D
457 2260 475 2279 u
489 2219 535 2279 va
548 2259 565 2277 R
579 2259 601 2277 N
613 2259 626 2278 ῑ
639 2259 661 2278 Y
687 2251 822 2280 Μενηοίν.
840 2249 872 2277 de
889 2249 999 2278 l’Acad,
1023 2251 1090 2286 Roy.
1110 2250 1155 2278 des
1169 2250 1276 2280 Scienc.
1295 2249 1381 2288 1699·

350 2291 388 2325 e)
412 2293 485 2320 Iron.
514 2290 586 2319 med.
602 2287 678 2327 spin.
705 2297 795 2319 anter.
818 2291 849 2318 in
862 2288 951 2328 ftfi'is-
980 2288 1044 2318 Vll.

379 2333 389 2367 )
414 2329 518 2369 Fufiis.
535 2332 710 2361 icomanat.
730 2332 785 2360 ΙΙΙ.
809 2332 874 2360 Τιώ
893 2336 950 2358 art.
971 2328 1080 2368 mqfhnt.
1100 2339 1125 2370 3.
1149 2330 1177 2363 6.

382 2373 394 2409 )
416 2370 517 2408 Fqsbic.
544 2372 618 2399 icon.
636 2377 717 2402 anat.
743 2371 778 2401 II.
807 2372 880 2403 Tab.
903 2372 1001 2400 coeliac.
1027 2370 1050 2403 I.

382 2414 393 2449 )
415 2412 483 2441 ibid.
508 2411 541 2441 T.
567 2411 601 2440 ΙΙ.
623 2421 647 2440 c.
669 2422 690 2441 c.

324 2331 370 2370 (s

328 2374 368 2410 (g

324 2414 366 2448 (h

322 2456 359 2489 (i
409 2452 482 2483 lbid.
508 2458 569 2482 not.
594 2460 619 2489 q.
632 2449 661 2490 s.
