2003 2748
253 141 334 177 500
820 121 946 166 zm.
982 123 1009 165 l
1039 124 1085 166 V.
1150 123 1182 165 c
1214 123 1250 166 Ο
1281 124 1326 165 R.

249 234 327 271 tur,
361 225 406 265 ad
426 225 605 264 laxitatem
627 230 827 273 cogantur:
863 224 910 261 ita
925 236 943 261 a
959 216 1131 273 sanguine
1148 223 1322 261 diastolen
1342 223 1426 260 fieri,
1463 222 1532 261 Sed
1549 233 1613 262 cor
1641 225 1679 263 in
1704 237 1744 264 ea
1766 225 1854 265 laxi.

250 295 320 325 tate
333 286 570 324 fibirelic'tum
583 313 592 327 ,
613 297 631 321 a
644 284 823 333 spiritibus
837 285 966 321 iterum
980 286 1017 321 in
1030 283 1316 321 contrastionem
1335 286 1429 325 cieri,
1449 283 1735 334 sanguinemque
1751 287 1855 325 suum

250 348 288 385 in
305 354 441 384 aortam
457 344 647 394 expellere:
668 356 752 381 eum
765 343 809 380 ab
822 344 919 380 ostiis
936 345 1144 381 arteriarum
1160 346 1432 382 coronariarum
1449 372 1458 387 ‚
1494 343 1716 382 valvularum
1736 347 1855 384 muni-

250 408 349 445 mine
360 403 522 447 derensis,
537 406 659 446 averti,
677 415 725 440 ne
738 403 1217 453 contrac'tionemimpediat.
1243 403 1292 441 Ita
1311 415 1482 442 evacuato
1496 404 1607 441 corde
1620 404 1773 442 valvulas
1787 408 1852 443 ite-

249 478 330 504 rum
348 464 456 502 laxari
475 492 483 506 ,
524 465 559 501 ἂ
586 476 604 501 a
621 464 801 502 contram
825 472 923 500 aorta
940 463 1153 513 sanguinem
1168 466 1204 501 in
1218 465 1358 501 arterias
1377 466 1583 501 coronarias
1598 466 1746 513 inpelli;
1764 474 1852 504 tunc

249 525 354 564 fibras
375 524 573 562 contractas
605 522 726 562 cordis
753 523 928 566 extendi,
975 524 1010 560 ἃ
1036 523 1210 561 diastolen
1231 525 1344 573 priori
1375 522 1528 562 similem
1557 523 1664 573 sequi.

310 584 517 622 Dominicus
542 582 586 621 M
602 596 613 620 1
629 595 839 621 sricnsst
857 595 877 620 L
895 595 907 619 1
926 595 944 619 υ
961 595 977 620 s
1017 584 1068 630 (i
1091 584 1110 631 )
1150 583 1278 621 duram
1310 586 1447 622 cerebri
1479 587 1728 622 membranam
1752 613 1761 626 ,
1807 583 1854 622 ad

248 644 276 683 P
291 657 309 681 Α
327 657 346 681 c
360 656 416 681 cn
435 655 486 680 10
502 655 523 680 N
543 655 553 680 1
587 644 623 681 &
649 641 676 680 B
690 655 711 679 A
727 655 751 680 G
770 654 790 679 L
811 655 861 679 1v
881 655 893 679 1
926 641 1159 686 sententiam,
1197 645 1364 686 moveri,
1402 645 1438 681 δι
1463 642 1605 693 spiritus
1628 657 1756 694 urgere
1774 656 1854 694 per-

248 703 365 742 suasus
384 730 393 746 ,
430 704 514 740 inde
538 701 830 751 antagonismum
858 703 951 739 inter
981 715 1044 739 cor
1071 704 1106 739 Sc
1132 715 1212 740 eam
1236 702 1440 740 crassiorem
1469 706 1668 752 meningen
1687 704 1849 742 deduxit.

251 764 396 804 Alterna
416 775 549 812 nempe
582 765 614 799 vi
650 763 876 801 contractum
903 773 966 799 cor
997 762 1208 810 sanguinem
1244 764 1281 800 in
1312 765 1501 801 cerebrum
1532 765 1691 812 pellere,
1730 764 1855 801 durio-

250 826 298 861 ris
323 824 544 861 membranae
569 821 799 860 resistentiam
820 821 982 871 superare
1000 851 1010 865 ,
1055 834 1206 872 eamque
1236 823 1432 860 extendere
1460 825 1587 873 poluit.
1640 824 1710 861 Sed
1740 824 1855 862 laxata

251 885 340 923 dura
367 892 479 920 matre
508 882 588 920 tolli
612 894 690 919 eam
711 885 784 920 vim
805 910 816 925 2
857 894 936 931 quae
967 882 1069 920 cordi
1089 883 1228 932 spiritus
1256 884 1457 927 ministret,
1494 893 1602 932 atque
1627 884 1718 921 adeo
1745 884 1855 932 paulo

250 943 332 994 post
355 955 439 984 cor,
475 955 572 992 penu
596 954 726 979 nervea
746 941 955 979 destitutum
977 971 985 984 ‚
1028 945 1184 980 omnino
1209 942 1345 979 resolvi.
1387 942 1438 981 Ita
1469 942 1530 980 sibi
1551 943 1705 980 relictam
1727 943 1856 980 duram

251 1004 500 1042 membranam
528 1003 660 1040 iterum
693 1004 727 1038 vi
753 1003 872 1038 innata
901 1003 1093 1044 contrahi,
1138 1014 1347 1052 novamque
1381 1002 1569 1051 spirituum
1589 1004 1723 1042 undam
1751 1002 1856 1041 cordi

249 1064 394 1102 mittere
410 1091 419 1105 ,
457 1074 536 1111 quae
558 1059 666 1099 fibras
689 1061 765 1109 ejus
789 1061 940 1098 musculi
966 1063 1001 1098 in
1025 1062 1310 1099 contractionem
1337 1070 1427 1110 agat.

311 1122 427 1161 Porro
453 1121 655 1171 Praeceptor
687 1122 807 1159 noster
837 1121 899 1159 Bo
918 1133 1043 1158 ERHA
1062 1132 1119 1159 Av
1137 1134 1147 1158 1
1165 1135 1186 1160 υ
1203 1134 1218 1159 s
1248 1123 1325 1167 (le)
1359 1125 1521 1171 priorum
1551 1121 1857 1173 phyfioloqorum

251 1184 499 1231 experimenta
517 1183 551 1219 ἃ
582 1180 795 1231 hypotheses
821 1181 1022 1229 eleganter,
1058 1191 1096 1219 ut
1119 1181 1206 1231 saepe
1230 1182 1383 1224 solebat,
1420 1185 1621 1227 conjunxit.
1658 1183 1858 1232 Duplicem

251 1254 387 1291 nempe
408 1241 547 1279 causam
570 1249 693 1280 motus
718 1241 838 1279 cordis
858 1240 983 1284 sumit,
1020 1253 1186 1278 nerveam
1210 1243 1284 1279 vim
1300 1270 1309 1284 ,
1346 1243 1379 1279 &
1408 1241 1589 1291 sanguinis
1617 1242 1773 1279 arteriofi
1791 1255 1858 1290 po-

251 1304 412 1340 tentiam.
449 1300 651 1351 Utramque
684 1302 759 1338 vim
791 1300 968 1342 ostendit,
1013 1301 1155 1338 alternis
1188 1302 1325 1339 vicibus
1350 1302 1454 1338 cordi
1482 1300 1606 1343 inesse,
1651 1304 1858 1349 iterumque

251 1375 318 1400 cor
352 1361 521 1399 deserere.
558 1360 660 1398 Pone
688 1372 799 1410 ergo,
834 1360 907 1398 hoc
937 1360 1163 1409 tempusculo
1196 1373 1260 1398 cor
1282 1362 1508 1399 contractum
1527 1374 1659 1410 agere,
1697 1372 1735 1399 ut
1765 1359 1859 1398 mus-

253 1422 326 1460 culi
356 1421 479 1458 solent.
522 1419 654 1470 Replet
677 1420 769 1458 adeo
795 1420 881 1457 duas
914 1432 1061 1469 magnas
1088 1423 1255 1464 arterias,
1308 1433 1394 1470 quas
1424 1433 1487 1458 cor
1518 1424 1681 1464 emittit,
1731 1420 1859 1470 easque

250 1482 297 1520 ad
317 1490 467 1520 mutuos
497 1480 681 1519 contaetus
702 1480 883 1529 adprimit.
920 1480 990 1518 Sed
1019 1482 1188 1529 praecipui
1221 1483 1321 1518 nervi
1351 1482 1470 1518 cordis
1501 1483 1593 1520 inter
1631 1494 1686 1518 eas
1717 1485 1859 1518 artesias

252 1542 446 1580 incedunt:
483 1540 666 1590 sequitur,
701 1549 743 1579 ut
766 1541 860 1578 inter
885 1552 924 1578 ea
952 1539 1027 1577 vasa
1055 1541 1204 1578 distenta
1237 1544 1531 1590 conprimantur:
1567 1539 1771 1589 compresso
1801 1553 1860 1576 ve-

251 1614 295 1641 ro
322 1613 435 1639 nervo
465 1600 645 1638 musculus
676 1599 887 1645 resolvitur3
920 1599 1086 1650 adeoque
1114 1602 1148 1637 &
1177 1613 1262 1643 cor,
1299 1613 1344 1639 ex
1363 1603 1427 1639 hac
1450 1602 1600 1651 quidem
1620 1600 1742 1643 causa,
1781 1612 1860 1637 ner-

251 1663 383 1711 veique
411 1660 567 1698 influxus
595 1662 769 1711 penuria,
803 1659 930 1698 definit
967 1661 1143 1698 contrahi.
1178 1660 1317 1698 Iterum
1346 1661 1390 1698 de
1420 1661 1605 1699 contraCto
1639 1661 1750 1698 corde
1786 1660 1862 1697 san-

253 1723 335 1770 guis
358 1723 395 1758 in
423 1723 586 1758 arteriam
612 1728 751 1759 aortam
779 1721 975 1769 premitur:
1011 1732 1050 1757 ea
1082 1720 1176 1758 unda
1205 1721 1360 1758 valvulas
1383 1723 1518 1759 arteriis
1549 1722 1748 1759 coronariis
1772 1732 1859 1769 prae-

252 1779 384 1835 positas
414 1781 598 1823 extendit,
634 1791 830 1828 earumque
857 1780 948 1816 adeo
975 1783 1184 1818 arteriarum
1202 1782 1289 1819 ostia
1315 1782 1472 1824 claudit,
1510 1788 1549 1819 ut
1575 1780 1783 1829 sanguinem
1806 1791 1859 1815 re-

253 1842 375 1890 cipere
400 1847 589 1888 nequeant.
625 1838 678 1876 Ita
707 1841 814 1875 etiam
842 1839 997 1876 secunda
1027 1840 1126 1877 causa
1158 1849 1279 1878 motus
1312 1842 1432 1877 cordis
1462 1841 1672 1882 destruitur,
1717 1840 1861 1875 interci-

252 1902 351 1952 pitur
372 1911 504 1948 nempe
527 1897 708 1947 sanguinis
737 1896 894 1935 arteriofi
923 1907 1173 1942 commeatus,
1227 1898 1358 1947 absque
1392 1911 1468 1947 quo
1504 1898 1653 1936 musculi
1704 1900 1861 1934 omnino

252 1968 442 2009 nequeunt
470 1960 618 2009 operari.
656 1956 819 2008 Utraque
849 1969 938 2007 ergo
962 1956 1061 1995 causa
1083 1966 1206 1996 motus
1224 1957 1289 1995 fibi
1322 1957 1493 1996 subtracta
1510 1986 1520 2002 ,
1569 1958 1767 1995 resolvetur
1797 1967 1862 1995 cor

256 2020 295 2056 ἃ
322 2018 487 2070 quiescet.

313 2078 455 2117 Verum
474 2107 483 2123 ,
525 2079 612 2116 dum
640 2090 703 2116 cor
723 2077 861 2116 laxatur
877 2106 886 2121 ‚
919 2077 1184 2117 contrahuntur
1206 2090 1251 2118 ex
1279 2081 1314 2116 vi
1335 2081 1454 2117 innata
1477 2079 1612 2116 arteriae
1628 2106 1636 2119 .
1673 2086 1793 2118 aorta,
1825 2076 1863 2114 &

254 2139 477 2191 pulmonea,
516 2140 552 2176 &
582 2139 794 2187 sanguinem
825 2150 843 2176 a
873 2138 984 2175 corde
1014 2149 1203 2189 acceptum
1241 2141 1481 2189 exprimunt:
1522 2141 1738 2175 minuuntur
1772 2147 1862 2185 ergo

257 2211 380 2237 earum
405 2199 593 2240 diametri,
634 2198 864 2236 intervallum
890 2210 979 2247 ergo
1001 2207 1154 2248 augetur
1171 2229 1179 2242 ‚
1225 2200 1261 2236 &
1293 2202 1394 2236 nervi
1423 2197 1650 2247 interpositi,
1693 2195 1863 2234 hastenus

253 2257 458 2309 coiipreffi,
491 2258 713 2301 liberantur,
747 2258 884 2309 spiritui
901 2259 947 2298 ad
973 2270 1037 2297 cor
1056 2260 1220 2300 redituro
1252 2261 1306 2298 via
1326 2269 1448 2311 patet:
1493 2258 1587 2297 redit
1614 2257 1717 2296 cordi
1747 2258 1863 2307 prima

1767 2314 1867 2355 causa

300 2424 313 2459 (
332 2434 343 2453 1
362 2424 376 2461 )
403 2426 442 2453 De
459 2425 603 2461 apoplexia
624 2424 647 2455 1.
675 2435 698 2456 c.
739 2429 784 2457 16.

298 2465 315 2502 (,
328 2468 374 2504 k)
396 2467 486 2505 lustin.
510 2468 552 2496 rei
571 2467 657 2501 Med.
677 2476 706 2498 n.
732 2476 801 2507 409..
